5734 6700
766 759 815 833 60
1340 753 1701 832 REGISTRUM

766 981 812 1060 de
824 982 1043 1084 Kyntochyr
1057 985 1184 1059 mansit
1201 1008 1244 1060 eo
1260 981 1333 1085 ipso
1351 1010 1422 1083 quo
1438 983 1532 1059 hanc
1549 999 1686 1060 aarum
1702 1011 1821 1060 meam
1836 984 1888 1060 eis
1904 984 1990 1061 dedi
2005 1011 2088 1061 cum
2105 1011 2189 1060 acra
2204 1011 2274 1085 que

765 1115 921 1218 pertinet
933 1117 980 1190 ad
992 1116 1086 1192 idem
1100 1116 1230 1194 toftum
1243 1131 1403 1218 tempore
1413 1117 1571 1218 predicto
1580 1133 1618 1194 et
1627 1145 1711 1193 cum
1720 1118 1870 1220 edificijs
1879 1145 1950 1218 que
1959 1133 2048 1194 tnnc
2058 1135 2161 1194 erant
2172 1119 2276 1218 super

765 1249 863 1324 idem
880 1225 1009 1325 tostum
1031 1264 1068 1325 et
1087 1250 1218 1326 tostum
1235 1263 1272 1326 ct
1292 1264 1424 1326 terram
1443 1277 1513 1350 qne
1531 1265 1620 1326 tunc
1639 1255 1832 1351 jacuerunt
1854 1251 1948 1328 inter
1963 1253 2111 1326 domum
2128 1251 2276 1328 Ricardi

766 1395 803 1460 et
819 1383 968 1457 domum
983 1383 1185 1467 malfnacht
1208 1397 1246 1460 et
1268 1383 1364 1458 illam
1386 1398 1519 1460 terram
1539 1409 1647 1484 quam
1663 1384 1787 1463 addidi
1804 1385 1855 1459 eis
1871 1384 1954 1461 alibi
1971 1387 2010 1460 in
2026 1411 2112 1487 agro
2128 1387 2175 1461 ad
2191 1413 2275 1486 per-

765 1515 960 1591 ficiendum
981 1517 1157 1615 predictas
1180 1533 1334 1618 quatuor
1358 1544 1496 1593 marcas
1518 1517 1656 1619 [amna]
1677 1533 1714 1593 et
1733 1520 1913 1620 pasturam
1936 1519 2064 1620 viginti
2086 1547 2275 1596 vaccarum

767 1664 804 1724 et
830 1649 1011 1751 sexaginta
1035 1651 1158 1726 ouium
1183 1667 1220 1727 et
1244 1652 1396 1726 duorum
1423 1676 1599 1750 equorum
1623 1677 1707 1726 eum
1732 1652 1897 1726 omnibns
1921 1652 2001 1754 alijs
2025 1654 2275 1729 communibus

767 1783 991 1882 aysiamentis
1015 1783 1264 1884 prenominata
1289 1782 1370 1858 ville
1396 1782 1593 1882 Dolpatn'k
1620 1825 1630 1842 ·
1657 1782 1834 1858 Tenenda
1854 1784 1918 1857 sibi
1940 1799 1977 1859 et
2002 1786 2206 1885 possidenda
2228 1788 2276 1861 de
2334 1759 2337 1764 ¹

767 1940 827 1989 me
851 1929 888 1990 et
912 1915 1103 1992 heredibus
1128 1915 1217 1992 meis
1242 1914 1400 2017 plenarie
1426 1931 1463 1992 et
1486 1915 1681 1991 honorifice
1706 1929 1744 1990 et
1768 1915 1879 1991 libere
1903 1930 1941 1991 et
1965 1919 2087 2016 quiete
2109 1918 2155 1994 ab
2177 1921 2277 1994 omni

768 2050 950 2126 exactione
973 2064 1009 2126 et
1031 2051 1177 2126 semicio
1198 2049 1344 2126 seculari
1361 2075 1428 2150 ego
1444 2076 1530 2126 vero
1546 2062 1585 2124 et
1600 2049 1751 2124 heredes
1767 2050 1840 2124 mei
1860 2050 2035 2150 prefatam
2051 2051 2275 2130 elemosinam

768 2183 933 2284 predictis
957 2183 1078 2259 abbati
1107 2199 1144 2260 et
1173 2184 1369 2260 conuentui
1395 2198 1523 2260 contra
1547 2209 1671 2256 omues
1695 2181 1860 2258 homines
1883 2185 2214 2260 warrantiaabimns
2239 2201 2277 2262 et

768 2332 886 2393 totum
908 2317 1119 2393 forinsecum
1141 2317 1328 2394 seruicinm
1350 2318 1448 2418 quod
1466 2318 1514 2392 ad
1534 2320 1612 2416 jam
1635 2315 1729 2391 dista
1747 2316 1961 2418 pertinuerit
1978 2345 2045 2419 pro
2066 2319 2117 2395 eis
2138 2320 2176 2395 in
2196 2347 2276 2421 per-

767 2466 918 2554 petuum
935 2451 1216 2551 acquietabimus
1235 2495 1243 2512 ·
1263 2452 1347 2553 Hijs
1364 2452 1514 2527 testibus
1530 2450 1675 2525 domino
1692 2493 1702 2510 ·
1721 2449 1757 2523 R
1783 2489 1794 2510 ·
1819 2450 1949 2527 comite
1966 2453 2012 2526 dc
2030 2451 2246 2556 Stratheryn
2266 2499 2276 2515 ·

768 2585 917 2660 domino
932 2586 963 2660 ff
978 2627 986 2646 ·
1004 2585 1113 2661 fratre
1130 2586 1236 2686 ipsius
1255 2627 1263 2644 ·
1282 2584 1429 2659 domino
1447 2583 1483 2657 lt
1501 2624 1511 2644 ·
1534 2584 1581 2658 de
1597 2583 1768 2659 Louetost
1786 2626 1795 2644 ·
1817 2583 1975 2684 predicta
1990 2586 2136 2661 domina
2154 2585 2279 2663 Salina

766 2719 877 2796 uxore
902 2746 984 2796 mea
1011 2759 1021 2780 ·
1050 2719 1218 2821 Philippo
1235 2734 1272 2795 et
1290 2718 1452 2794 Roberto
1468 2717 1551 2818 silijs
1565 2717 1657 2794 meis
1675 2760 1684 2778 ·
1710 2718 1873 2818 magistro
1891 2719 1923 2795 Ο
1950 2759 1960 2780 ·
1986 2719 2114 2795 clerico
2129 2721 2278 2822 predicti

768 2853 908 2930 comitis
927 2895 936 2912 ·
955 2851 986 2924 B
1006 2893 1015 2911 ·
1039 2852 1084 2927 de
1101 2851 1243 2952 Dunyn
1267 2893 1276 2912 ·
1300 2851 1462 2952 magistro
1481 2851 1521 2927 H
1546 2893 1556 2910 ·
1578 2849 1653 2928 filio
1671 2850 1854 2928 Tressram
1873 2893 1882 2910 ·
1900 2850 2080 2928 Trestram
2097 2852 2143 2928 de
2160 2851 2279 2960 Gorty

769 3001 806 3064 et
823 2987 947 3063 multis
964 2984 1067 3089 alijs·

776 3360 899 3463 Carta
915 3386 961 3462 de
978 3384 1158 3488 Petlandy
1174 3413 1240 3487 pro
1257 3400 1411 3487 quatuor
1427 3385 1518 3461 acris
1535 3427 1545 3447 ·

708 3659 757 3732 62
777 3620 973 3725 Omnibus
990 3650 1104 3725 sancte
1127 3650 1248 3733 matris
1271 3652 1414 3727 ecclesie
1434 3649 1518 3751 filijs
1539 3649 1685 3749 presens
1701 3647 1872 3748 scriptum
1891 3650 2016 3725 visuris
2031 3650 2089 3727 vel
2111 3653 2285 3729 audituris

774 3782 893 3859 Lucas
920 3782 1013 3858 silius
1044 3782 1209 3886 Tebaldy
1232 3782 1295 3884 filij
1322 3781 1493 3859 Willelmi
1523 3796 1684 3857 eternam
1708 3782 1746 3855 in
1771 3783 1917 3859 domino
1942 3782 2088 3860 salutem
2115 3828 2125 3847 ·
2157 3789 2283 3863 Sciant

776 3942 899 3993 omnes
922 3932 997 3992 tam
1020 3916 1197 4018 presentes
1219 3942 1327 4016 quam
1345 3916 1457 3993 futuri
1480 3943 1538 3991 me
1560 3914 1718 3991 caritatis
1741 3916 1875 3991 intuitu
1898 3932 1934 3993 et
1956 3945 2022 4019 pro
2037 3918 2148 3997 salute
2164 3921 2283 4006 anime

777 4076 856 4127 mee
873 4064 910 4127 et
927 4050 1184 4126 antecessorum
1206 4076 1369 4125 meorum
1389 4065 1426 4126 et
1447 4050 1678 4125 successorum
1695 4048 1829 4124 dedisse
1849 4052 2046 4127 eonceffiffe
2062 4068 2099 4129 et
2114 4053 2183 4129 hac
2206 4082 2285 4155 pre·

777 4184 866 4261 senti
883 4199 981 4259 carta
996 4210 1075 4260 mea
1091 4184 1310 4259 confirmasse
1328 4184 1396 4259 deo
1413 4196 1450 4259 et
1466 4183 1569 4258 beate
1585 4181 1704 4265 stlatis
1720 4194 1757 4257 et
1772 4183 1878 4258 beato
1899 4183 2058 4259 Johnnni
2075 4187 2231 4287 apostolo
2248 4204 2285 4262 et

779 4316 993 4419 euangeliste
1015 4331 1052 4393 et
1074 4318 1194 4393 abbati
1217 4333 1254 4394 et
1270 4317 1467 4393 conuentui
1484 4318 1530 4393 de
1553 4314 1674 4391 Insula
1689 4315 1876 4399 mitrarum
1895 4331 1932 4392 et
1952 4316 2122 4393 luminari
2142 4323 2286 4422 majoris

779 4450 898 4527 altaris
924 4452 1038 4527 sanes
1063 4450 1181 4535 marie
1203 4451 1361 4551 ejusdem
1386 4450 1527 4526 ecclesie
1552 4451 1591 4524 in
1615 4476 1744 4552 puram
1769 4463 1806 4524 et
1828 4465 2037 4551 perpetuam
2062 4452 2286 4529 elemosinam

781 4601 894 4662 totam
911 4586 1008 4661 illam
1030 4584 1240 4688 perticulam
1262 4600 1355 4661 terre
1372 4585 1410 4659 in
1431 4599 1529 4661 terra
1543 4610 1627 4659 mea
1642 4585 1689 4659 de
1706 4582 1884 4686 Petlandy
1902 4611 1972 4684 que
1992 4587 2090 4684 jacet
2110 4586 2203 4662 inter
2218 4606 2287 4663 ter·

781 4742 859 4793 ram
876 4743 982 4816 quam
999 4730 1102 4819 pater
1117 4743 1217 4792 meus
1234 4731 1270 4793 et
1287 4742 1353 4818 ego
1366 4716 1467 4793 distis
1484 4716 1604 4792 abbati
1621 4730 1658 4792 et
1669 4717 1864 4791 conuentui
1876 4718 2061 4793 caritatiue
2073 4719 2288 4797 contulimus

783 4852 823 4927 in
840 4864 934 4927 terra
955 4877 1025 4951 que
1040 4865 1186 4927 vocatur
1208 4819 1412 4925 Fleclrirflat
1429 4865 1466 4925 et
1481 4852 1576 4925 viam
1592 4876 1758 4952 magnam
1781 4878 1851 4951 que
1866 4850 1965 4927 vadit
1988 4866 2025 4929 et
2041 4854 2157 4931 tendit
2173 4856 2292 4930 versus
