5734 6700
780 753 827 825 18
1359 739 1720 818 REGISTRUM

781 1083 1028 1188 Confirmatio
1046 1109 1159 1210 Regio
1177 1107 1376 1184 Alexandri
1396 1148 1406 1167 ·

715 1383 760 1452 15
778 1348 999 1450 Alexander
1015 1373 1073 1449 dei
1085 1373 1201 1474 gratia
1216 1373 1300 1448 Rex
1314 1371 1522 1448 Scottorum
1535 1371 1703 1446 omnibus
1720 1371 1841 1471 probis
1851 1371 2057 1448 hominibus
2073 1371 2185 1448 totius
2200 1386 2295 1447 terre

776 1507 837 1583 sue
854 1505 990 1582 clericis
1007 1520 1043 1581 et
1059 1505 1158 1580 laicis
1174 1505 1322 1580 salutem
1350 1505 1477 1580 Sciant
1500 1504 1680 1607 preicntes
1696 1517 1735 1579 et
1755 1505 1870 1580 futuri
1889 1532 1949 1581 me
1964 1506 2158 1581 eonocffiffe
2174 1517 2212 1580 et
2226 1504 2296 1580 hac

775 1653 874 1715 carta
889 1666 971 1714 mea
987 1638 1208 1714 confirmasse
1224 1637 1307 1712 Deo
1321 1651 1358 1712 et
1370 1639 1488 1713 lande
1504 1637 1624 1721 marie
1634 1651 1672 1712 et
1682 1635 1825 1712 ecclclie
1835 1637 1944 1713 tanei
1956 1637 2134 1714 Johanuis
2145 1636 2293 1739 apostoli

776 1786 813 1848 et
830 1770 1044 1873 euangeliste
1061 1771 1159 1871 apud
1176 1768 1373 1869 Inchafryn
1387 1785 1424 1845 et
1437 1768 1619 1844 canonicis
1634 1770 1773 1844 ibidem
1789 1769 1874 1845 Deo
1886 1770 2119 1846 seruientibus
2131 1785 2169 1846 ot
2183 1770 2295 1846 serui-

776 1905 865 1980 turis
889 1904 987 1979 dona
1011 1929 1081 2002 que
1102 1929 1221 1977 comes
1240 1901 1427 1978 Gilbertus
1448 1903 1494 1978 de
1512 1901 1729 2004 Stratheryn
1749 1903 1922 1978 fimdator
1942 1901 2050 2003 ipfius
2071 1901 2213 1978 ecclefie
2234 1902 2296 2001 pia

775 2021 967 2112 deuotione
977 2035 1030 2110 eis
1041 2034 1139 2111 dedit
1150 2034 1281 2110 scilicet
1295 2034 1504 2137 Inchaffryn
1514 2033 1757 2110 Achinluxich
1770 2049 1808 2111 et
1818 2035 2006 2136 Ardewny
2018 2049 2055 2110 et
2066 2035 2245 2135 Ardbani
2257 2050 2296 2109 et

773 2168 979 2272 Duffynder
1001 2185 1038 2244 et
1054 2167 1180 2243 Balfur
1196 2182 1233 2244 et
1254 2167 1515 2269 Balmakgillon
1536 2183 1573 2244 et
1593 2184 1666 2243 tres
1686 2195 1788 2243 acras
1806 2183 1902 2244 terre
1921 2168 2015 2242 illius
2037 2195 2107 2268 que
2129 2169 2294 2271 proxima

773 2304 823 2380 est
850 2303 993 2382 maredo
1020 2301 1066 2377 de
1095 2299 1227 2376 Fowlis
1255 2302 1372 2375 versus
1398 2301 1603 2400 aquilonem
1630 2316 1669 2377 ct
1691 2300 1811 2375 villam
1845 2328 1916 2400 que
1945 2301 2077 2376 dicitur
2103 2300 2294 2376 Ruhalach

773 2463 880 2536 quam
898 2435 995 2510 idom
1012 2460 1131 2509 comes
1149 2433 1249 2509 dedit
1266 2405 1318 2508 eis
1334 2461 1400 2534 pro
1418 2433 1572 2508 decimis
1583 2432 1764 2508 lucrorum
1784 2434 1927 2508 luorum
1943 2460 2013 2534 que
2028 2434 2245 2535 prouenient
2260 2433 2293 2509 ei

773 2584 809 2644 et
825 2568 1017 2644 heredibus
1033 2568 1103 2643 suis
1114 2567 1160 2644 de
1176 2566 1317 2670 placitis
1334 2582 1371 2643 et
1384 2566 1538 2668 querelis
1555 2567 1601 2642 de
1617 2569 1791 2644 comitatu
1807 2568 1868 2643 suo
1886 2608 1896 2629 ·
1915 2568 2019 2644 saluis
2036 2568 2167 2643 eisdem
2183 2594 2293 2643 cano-

773 2703 861 2778 nicis
877 2703 1026 2778 decimis
1044 2729 1115 2802 que
1138 2701 1298 2802 predidio
1321 2700 1445 2775 comiti
1466 2716 1503 2776 et
1526 2701 1718 2777 heredibus
1738 2701 1808 2775 suis
1828 2700 1973 2776 aliunde
1989 2701 2176 2778 eueneriut
2192 2703 2292 2778 etde

771 2838 914 2921 morelio
931 2837 977 2911 de
994 2835 1119 2910 ffowlis
1141 2837 1230 2910 ficut
1247 2833 1453 2908 continetur
1469 2835 1508 2908 in
1524 2850 1623 2910 carta
1645 2835 1752 2936 ipfius
1774 2836 1915 2910 comitis
1934 2879 1943 2896 ·
1968 2850 2006 2910 et
2025 2862 2138 2910 vuum
2154 2835 2291 2920 ‹nolen-

771 2972 898 3046 dinum
915 2970 1019 3070 super
1037 2968 1141 3068 Eryn
1164 2966 1262 3068 apud
1279 2966 1483 3068 Duufallyn
1498 2970 1586 3043 ficut
1606 2968 1765 3045 fimiliter
1785 2970 1994 3045 continetur
2010 2969 2048 3044 in
2065 2983 2165 3044 carta
2185 2971 2292 3071 ipfius

771 3103 911 3178 comitis
929 3146 938 3163 ·
957 3115 993 3177 et
1009 3116 1172 3200 preterea
1188 3101 1365 3176 decimam
1382 3101 1544 3176 omnium
1560 3127 1732 3176 canomm
1750 3119 1786 3178 et
1802 3104 2010 3179 reddituum
2027 3105 2134 3204 ipfius
2150 3105 2292 3180 comitis

771 3235 809 3309 in
838 3233 1019 3308 frumento
1042 3233 1157 3307 farina
1177 3259 1289 3334 grano
1319 3235 1430 3308 brolio
1454 3234 1552 3309 cafiio
1583 3248 1620 3308 et
1646 3235 1811 3310 omuibus
1841 3236 1981 3311 cibariis
2007 3263 2077 3336 que
2101 3236 2292 3312 annuatim

771 3367 1027 3467 expenduntur
1044 3366 1082 3439 in
1100 3366 1198 3441 curia
1211 3368 1290 3469 ejus
1307 3380 1343 3442 et
1361 3366 1536 3441 decimam
1554 3366 1666 3442 totius
1682 3367 1784 3465 piscis
1801 3396 1872 3469 que
1887 3370 1936 3445 ad
1952 3370 2171 3470 quoquinam
2184 3372 2291 3473 ipsus

771 3500 930 3575 defertur
952 3512 988 3574 et
1011 3498 1186 3573 decimam
1206 3498 1408 3575 venationis
1438 3498 1499 3574 lue
1523 3497 1705 3574 licentiam
1730 3526 1873 3600 quoque
1896 3502 2057 3600 piscandi
2081 3504 2120 3577 in
2144 3504 2291 3605 Peffryn

770 3632 973 3731 ubicunque
989 3630 1168 3707 voluerint
1190 3645 1226 3705 et
1250 3630 1418 3731 capiendi
1441 3630 1480 3703 iu
1509 3630 1715 3706 nemoribus
1735 3632 1842 3733 ipfius
1868 3634 2009 3709 comitis
2030 3635 2089 3709 vbi
2109 3635 2161 3711 eis
2177 3636 2290 3738 magis

771 3778 1014 3867 opportunum
1040 3762 1147 3839 fuerit
1171 3763 1357 3839 materiem
1382 3763 1430 3838 ad
1456 3762 1721 3840 edificationem
1746 3764 1933 3841 domorum
1960 3767 2102 3841 suarum
2122 3782 2160 3843 et
2184 3782 2291 3843 vteu-

770 3890 891 3967 cilium
901 3906 939 3966 et
956 3891 1001 3965 ad
1018 3891 1158 3990 pallum
1174 3890 1267 3990 ignis
1284 3930 1294 3951 ·
1313 3890 1472 3968 concedo
1484 3892 1593 3969 etiam
1609 3894 1921 3973 et‘confirmoDeo
1938 3912 1976 3975 et
1992 3899 2094 3975 dietis
2110 3900 2289 3975 canonicis

770 4022 948 4099 eccleliam
973 4021 1080 4096 saneti
1108 4020 1253 4098 Patricii
1280 4022 1325 4097 de
1355 4022 1530 4125 Strogeth
1552 4025 1731 4103 ecolefiam
1760 4028 1869 4103 sanni
1892 4029 2044 4106 Semoni
2075 4032 2121 4107 do
2147 4032 2289 4133 Duuyn

670 4178 672 4183 ’
772 4154 952 4233 ecclesiam
990 4154 1097 4231 sancti
1128 4154 1279 4229 Kattani
1317 4156 1364 4231 de
1393 4156 1601 4235 Abruthfen
1629 4160 1811 4236 occlefiam
1844 4164 1952 4240 sanet
1984 4164 2211 4245 wakkeffani
2243 4168 2290 4242 de

774 4288 1056 4365 Ouclttirardore
1079 4287 1260 4363 ecclefiam
1287 4287 1395 4365 sancti
1422 4290 1538 4367 Beani
1565 4294 1611 4369 de
1639 4294 1800 4396 Kynkell
1827 4295 2006 4373 ecclesiam
2036 4300 2143 4375 suncti
2174 4300 2290 4377 Beani

773 4422 819 4499 de
854 4420 979 4499 ifowlis
1015 4421 1197 4498 ecoleliam
1234 4421 1342 4498 tanei
1376 4424 1571 4501 Ethimani
1606 4427 1659 4525 do,
1685 4429 1931 4532 oeaddirnyne
1966 4431 2147 4509 ecclesiam
2181 4434 2289 4510 san&

775 4552 927 4630 Seruani
944 4553 990 4629 dc
1006 4553 1235 4655 moyheuard
1251 4553 1434 4631 ecclefiam
1451 4557 1559 4633 saneti
1581 4557 1731 4661 Brigide
1752 4560 1797 4635 de
1818 4562 2006 4664 Kylbryde
2027 4607 2036 4625 ·
2065 4564 2191 4654 Quare
2207 4565 2288 4642 volo

773 4698 815 4761 ut
839 4683 997 4787 predicto
1023 4684 1166 4761 ecclesia
1192 4699 1229 4760 et
1256 4686 1418 4763 canonici
1446 4688 1605 4790 ejusdem
1628 4689 1699 4766 loci
1723 4693 1843 4768 omnia
1867 4696 2061 4796 prescripta
2082 4711 2231 4775 teneant
2251 4714 2289 4774 et

773 4819 969 4921 poffideunt
992 4818 1031 4892 in
1053 4844 1181 4919 puram
1208 4832 1245 4895 et
1270 4836 1484 4921 perpetuam
1510 4821 1735 4901 elemollnam
1760 4852 1841 4902 cum
1867 4829 2034 4905 omnibus
2053 4832 2158 4932 justis
2177 4832 2288 4934 perti·
