5734 6700
779 785 827 859 64
1354 777 1718 856 REGISTRUM

779 1039 845 1115 pro
861 1011 1044 1088 voluntate
1060 1013 1121 1088 sue
1141 1012 1307 1087 edificare
1324 1027 1360 1087 et
1381 1013 1426 1086 de
1443 1012 1580 1087 residuo
1598 1011 1751 1087 duumm
1768 1035 1930 1084 acrarum
1947 1036 2012 1110 pro
2031 1008 2215 1086 voluntate
2231 1011 2293 1088 sue

781 1147 964 1245 disponere
991 1185 1001 1206 ·
1028 1145 1073 1218 In
1091 1147 1194 1248 cujus
1216 1145 1268 1220 rei
1292 1144 1533 1220 testimonium
1549 1143 1699 1245 sigillum
1720 1146 1878 1219 nostrum
1899 1143 2122 1245 presentibus
2144 1144 2293 1220 fecimus

781 1277 914 1378 epponi
929 1319 937 1336 ·
952 1275 1036 1376 Hije
1050 1277 1194 1352 testibus
1208 1276 1352 1351 domino
1365 1275 1528 1352 Gilberto
1543 1277 1588 1352 de
1599 1274 1758 1351 Rothsen
1773 1314 1782 1335 ·
1797 1275 1942 1351 domino
1955 1275 1980 1350 J
1981 1275 2119 1351 oachim
2130 1275 2175 1350 de
2187 1275 2293 1377 Kyn-

783 1413 859 1487 buk
885 1452 895 1472 ·
921 1412 1082 1521 magistro
1109 1412 1265 1486 Ricardo
1292 1413 1338 1487 de
1366 1409 1575 1512 Streuyllyn
1597 1409 1806 1486 cancellario
1832 1410 1968 1485 domini
1990 1410 2131 1486 comitis
2156 1453 2166 1470 ·
2192 1411 2292 1485 Lorn

784 1543 895 1628 mech
921 1544 1093 1620 Gilherue
1120 1587 1128 1606 ·
1155 1546 1290 1621 Jacobo
1315 1547 1462 1644 persone
1484 1547 1530 1620 de
1556 1545 1708 1618 Buffidir
1733 1559 1769 1620 et
1793 1543 1915 1619 multis
1937 1543 2016 1644 alije
2042 1587 2052 1604 ·
2075 1544 2175 1619 Dete
2196 1545 2293 1643 opud

787 1678 904 1755 Oreffe
927 1679 964 1751 in
987 1678 1135 1754 crastino
1152 1679 1245 1754 beati
1271 1679 1422 1762 mertini
1448 1678 1485 1752 in
1509 1704 1614 1779 yeme
1636 1703 1731 1753 anuo
1755 1677 1868 1779 gretie
1890 1676 2072 1755 millesimo
2089 1689 2168 1755 cc¹³⁰
2191 1679 2292 1754 sexe-

708 1901 714 1913 υ
785 1813 915 1912 gesimo
931 1813 1055 1887 sexto·

791 2181 913 2284 Curta
929 2209 974 2284 de
991 2209 1191 2312 Abircarny
1210 2251 1220 2270 ·

722 2472 771 2547 65
791 2447 985 2551 Omnibus
1008 2476 1122 2552 unos
1141 2475 1260 2559 metris
1283 2475 1423 2552 ecclesie
1442 2475 1525 2576 filijs
1547 2476 1688 2578 presens
1710 2473 1878 2579 scriptum
1899 2475 2023 2553 visuris
2042 2479 2099 2556 vel
2118 2484 2291 2560 audituris

788 2607 929 2686 Ysende
948 2609 1070 2710 sponse
1086 2609 1224 2685 comitio
1248 2607 1405 2685 Gilberti
1425 2609 1471 2686 de
1498 2607 1711 2710 Strutberyn
1730 2607 1877 2685 salutem
1902 2652 1911 2670 ·
1939 2609 2067 2688 Sciatis
2088 2640 2146 2690 me
2170 2617 2292 2694 diuine

786 2741 942 2816 caritatis
967 2740 1100 2816 intuitu
1125 2767 1189 2842 per
1215 2740 1387 2816 assensum
1410 2740 1650 2842 prenominati
1677 2740 1816 2815 comitis
1841 2741 1978 2817 domini
2001 2745 2073 2820 mei
2098 2746 2229 2824 dedisse
2253 2767 2291 2828 et

784 2873 977 2949 concessisse
999 2885 1036 2947 et
1058 2871 1126 2947 boc
1147 2887 1245 2948 carte
1267 2897 1347 2946 mea
1363 2872 1582 2948 confirmasse
1598 2872 1719 2948 abbati
1741 2887 1779 2948 et
1800 2874 1978 2949 canonicis
2002 2875 2047 2951 de
2067 2875 2186 2953 Insula
2202 2882 2292 2965 cois-

782 3005 897 3080 sarum
914 3004 1072 3104 quinque
1095 3029 1194 3079 acres
1217 3018 1310 3078 terre
1334 3004 1371 3077 in
1387 3003 1470 3078 villa
1491 3003 1637 3079 meede
1657 3003 1864 3107 Abircarnp
1887 3003 1985 3080 illem
2007 3006 2136 3084 scilicet
2159 3028 2292 3088 terrem

783 3161 890 3235 quam
908 3136 1036 3211 eisdem
1053 3135 1174 3211 abbati
1192 3150 1228 3210 et
1244 3134 1423 3209 canonicis
1447 3135 1567 3236 probis
1582 3134 1788 3211 bominibus
1810 3138 2030 3236 presentibus
2046 3144 2292 3240 perambuleui

782 3265 946 3341 videlicet
961 3266 1107 3342 domino
1125 3266 1282 3342 Ricardo
1297 3264 1407 3344 ‹uilite
1424 3280 1462 3341 et
1480 3263 1644 3342 Gelsrido
1661 3267 1707 3342 de
1724 3266 1822 3344 Gau
1837 3268 2004 3345 fratribus
2021 3274 2110 3349 meis
2129 3274 2290 3355 Henrico

784 3412 820 3473 et
837 3397 1016 3472 Treslram
1038 3396 1120 3499 filijs
1138 3397 1317 3472 Trestrem
1334 3394 1513 3472 Willelmo
1533 3395 1661 3474 clerieo
1683 3412 1720 3473 et
1735 3397 1858 3474 multis
1879 3400 1958 3499 elijs
1983 3440 1994 3463 ·
2021 3404 2213 3483 Tenendas
2229 3413 2292 3487 fibi

785 3530 823 3604 in
852 3542 1063 3630 perpetuam
1088 3528 1311 3603 elemosinam
1340 3526 1451 3604 libere
1475 3542 1513 3603 et
1536 3528 1658 3628 quiete
1683 3530 1732 3605 eb
1754 3530 1852 3604 omni
1876 3531 2023 3610 seruicio
2049 3551 2086 3611 et
2111 3542 2292 3621 exodione

786 3659 930 3737 seculari
949 3686 1034 3736 cum
1054 3659 1235 3735 communi
1258 3660 1399 3761 pastore
1415 3659 1605 3735 duodecim
1622 3686 1811 3735 neccarum
1834 3679 1871 3738 et
1888 3664 2044 3740 duorum
2066 3694 2239 3769 equorum
2256 3689 2293 3752 et

787 3821 869 3869 oum
882 3793 1047 3901 omnibus
1064 3792 1143 3894 alijs
1160 3793 1383 3896 aysiementis
1400 3792 1556 3892 ejusdem
1573 3793 1738 3892 territorij
1753 3794 1802 3869 ed
1817 3810 1956 3871 tentam
1968 3811 2098 3875 terrem
2109 3806 2294 3904 pertinen.

788 3927 883 4002 tibus
910 3968 919 3989 ·
946 3926 992 4000 ln
1009 3927 1111 4027 cujus
1128 3926 1179 4001 rei
1199 3924 1441 3999 testimonium
1458 3950 1570 4023 quum
1586 3951 1630 4000 eo
1654 3939 1814 4027 tempore
1830 3954 1901 4027 quo
1923 3928 1991 4006 bec
2007 3948 2105 4010 carte
2119 3935 2210 4013 faus
2224 3940 2293 4017 suit

786 4056 934 4160 sigillum
954 4056 1138 4158 proprium
1162 4081 1233 4129 non
1250 4054 1358 4129 hebui
1380 4054 1464 4130 huic
1480 4054 1608 4155 scripto
1629 4054 1780 4155 sigillum
1796 4057 1931 4134 domini
1952 4059 2100 4141 Abrabe
2125 4068 2294 4148 Dunbls-

787 4192 900 4265 nensse
914 4188 1065 4289 episcopi
1078 4187 1139 4286 qui
1155 4186 1260 4285 hujus
1274 4184 1476 4259 donationis
1489 4184 1586 4260 testis
1603 4188 1653 4261 est
1665 4187 1761 4287 quod
1773 4188 1821 4263 ed
1832 4189 1901 4266 hoc
1913 4191 1985 4294 ipse
1998 4194 2086 4270 mibi
2098 4224 2294 4281 accommo-

787 4322 887 4396 deuit
903 4320 1050 4421 apposni
1070 4360 1079 4379 ·
1097 4332 1136 4394 vt
1157 4318 1225 4393 heo
1241 4330 1361 4391 eutem
1385 4342 1465 4391 mee
1484 4315 1628 4392 donatio
1649 4317 1687 4391 in
1702 4334 1917 4419 perpetuum
1934 4339 2018 4399 sete
2039 4341 2077 4402 et
2092 4327 2295 4413 inconcussa

787 4452 960 4527 habeatur
983 4449 1078 4523 banc
1103 4462 1237 4523 cortem
1262 4447 1531 4549 prenominatus
1556 4473 1675 4524 eomes
1700 4450 1866 4526 dominus
1890 4480 1992 4531 meus
2016 4456 2055 4532 in
2079 4460 2215 4560 signum
2242 4467 2295 4542 sui

787 4583 969 4660 consensus
982 4580 1082 4683 sigilli
1098 4580 1148 4655 sui
1161 4578 1377 4681 appositione
1394 4578 1594 4654 roborando
1611 4581 1836 4659 confirmauit
1853 4623 1864 4646 ·
1884 4586 1969 4687 Hijs
1985 4590 2132 4667 testibus
2149 4594 2294 4675 domino

787 4715 969 4790 Abbreem
982 4711 1230 4790 Dunblenenfi
1248 4710 1408 4810 episcopo
1427 4750 1437 4771 ·
1453 4712 1491 4787 G
1509 4750 1519 4771 ·
1533 4710 1780 4788 archidiacono
1792 4714 1838 4791 de
1853 4716 2065 4823 Stretheryn
2078 4763 2088 4784 ·
2102 4728 2147 4810 α)
2162 4730 2294 4808 senes.

787 4846 879 4923 callo
895 4846 1032 4923 comitis
1051 4888 1061 4909 ·
1078 4843 1257 4929 &lelbeth
1270 4843 1393 4942 judice
1413 4884 1422 4903 ·
1441 4842 1475 4916 T
1496 4884 1503 4900 ›
1520 4841 1594 4918 filio
1611 4843 1762 4920 Arnnldi
1778 4861 1815 4923 et
1831 4848 1954 4927 multis
1970 4852 2049 4955 ulijs
2066 4896 2076 4917 ·
