5734 6700
759 857 823 902 xxx
1374 833 1649 901 APPENDIX.

757 1050 838 1126 bilis
866 1051 975 1128 freter
1000 1067 1122 1128 noster
1150 1051 1351 1154 Episcopus
1380 1050 1647 1126 Dunblanensis
1672 1052 1711 1126 in
1735 1065 1858 1126 nostra
1880 1047 2070 1151 proposuit
2092 1050 2273 1150 presentia

757 1183 974 1260 constitutus
995 1184 1093 1282 quod
1115 1211 1198 1260 cum
1211 1184 1296 1260 olim
1313 1181 1461 1260 ecclesia
1475 1181 1747 1259 Dunblanensis
1766 1207 1834 1284 per
1848 1195 1996 1258 centum
2008 1205 2123 1258 annes
2139 1195 2178 1257 et
2193 1205 2274 1256 am·

756 1316 850 1417 plius
860 1317 1166 1405 vccauissetzfere
1176 1319 1296 1393 omnia
1305 1317 1401 1394 bo'na
1411 1319 1489 1417 ejus
1500 1315 1839 1418 fuerintapersonis
1848 1313 2065 1391 secularibus
2074 1327 2273 1416 occupatas

758 1448 808 1524 Et
820 1447 902 1526 licet
915 1476 1083 1551 processu
1095 1449 1265 1549 temperis
1277 1449 1427 1526 fuissem
1440 1449 1479 1525 iu
1490 1475 1534 1526 ea
1543 1449 1667 1550 plures
1679 1447 1852 1551 Epimopi
1866 1445 2022 1523 instituti
2032 1477 2046 1535 ι
2056 1471 2122 1548 per
2133 1445 2272 1548 simpli·

757 1582 904 1657 citatem
918 1597 1039 1658 tamen
1052 1596 1089 1659 et
1101 1582 1275 1658 incuriam
1288 1581 1486 1658 eorundem
1503 1608 1576 1657 non
1593 1578 1708 1657 solum
1720 1593 1884 1658 resumta
1899 1605 1974 1656 non
1990 1579 2137 1654 fuemrnt
2152 1577 2271 1654 taliter

757 1729 931 1814 occupata
947 1719 1076 1788 verum'
1091 1713 1200 1790 etiam
1215 1713 1363 1813 reliquie
1380 1739 1451 1813 que
1467 1713 1720 1814 occupantium
1744 1737 1873 1788 manus
1896 1713 2094 1813 effugerant
2118 1711 2273 1792 alienate

757 1861 841 1920 sunt
857 1845 931 1920 fere
948 1845 1091 1944 penitus
1108 1860 1144 1922 et
1161 1861 1371 1946 consumpte
1385 1879 1399 1935 ι
1412 1859 1561 1948 propter
1576 1845 1674 1946 quod
1688 1843 1809 1921 nullus
1819 1845 1982 1947 ydoneus
1993 1843 2118 1920 induci
2129 1857 2272 1946 poterat

757 1977 804 2052 ad
827 2003 917 2054 onus
941 1978 1150 2077 hujusmodi
1175 1981 1430 2055 assumendum
1448 2012 1462 2068 Ι
1479 2005 1572 2081 pene
1597 1979 1812 2080 perdecem
1835 2004 1950 2055 annos
1973 1977 2100 2054 eadem
2126 1977 2274 2054 ecclesia

757 2113 905 2188 interim
917 2104 1207 2211 pastoris'solatio
1220 2111 1391 2188 destituta
1409 2155 1418 2172 ·
1438 2111 1605 2212 Cumque
1617 2121 1684 2187 ne's
1696 2112 1926 2214 postmodum
1938 2108 2115 2187 intellecto
2126 2107 2274 2186 misera-

756 2241 818 2318 bili
838 2255 937 2320 stetu
954 2246 1030 2345 ejus
1047 2276 1061 2334 Ι
1078 2242 1338 2320 venerabilibus
1353 2243 1521 2320 fratribus
1533 2243 1665 2320 nostris
1684 2243 1805 2320 Sancti
1821 2243 1971 2319 Andree
1987 2257 2025 2320 et
2041 2239 2274 2318 Brecbinensi

755 2376 945 2478 Episcopis
971 2403 1013 2453 ae
1046 2377 1114 2453 tibi
1138 2377 1247 2454 frater
1271 2358 1549 2454 Dunkeldensis'
1565 2375 1804 2478 provisionem
1832 2373 1943 2476 ipsius
1976 2373 2146 2450 duximus
2174 2399 2273 2450 com-

755 2511 968 2587 mittendam
1001 2543 1013 2598 t
1043 2509 1103 2586 Tu
1131 2525 1167 2586 et
1192 2510 1300 2587 iidem
1325 2509 1498 2612 Episcopi
1521 2519 1709 2611 sperantes
1733 2508 1863 2585 dietam
1887 2505 2087 2584 Ecclesiam
2108 2531 2175 2608 per
2196 2509 2274 2606 jam

755 2643 892 2719 dietum
913 2643 1135 2745 Episcopum
1157 2669 1263 2746 posse
1285 2643 1332 2720 de
1356 2642 1438 2721 lacu
1460 2642 1602 2720 miserie
1627 2642 1806 2745 respirare
1830 2641 1949 2742 ipsum
1972 2639 2091 2717 eidem
2112 2637 2274 2714 Ecclesie

754 2773 954 2874 prefecistis
972 2807 984 2862 t
1003 2801 1111 2876 quam
1133 2775 1356 2878 supradictus
1373 2775 1574 2878 Episcopus
1597 2775 1736 2852 invenit
1753 2773 1844 2851 adeo
1864 2771 2059 2849 desolatam
2081 2771 2179 2873 qued
2199 2797 2273 2847 non

756 2905 915 3006 repperit
935 2907 998 2980 ubi
1017 2922 1137 3009 posset
1157 2921 1266 3010 ceput
1286 2934 1392 2984 suurn
1412 2909 1452 2982 in
1473 2905 1679 2985 Cathedrali
1698 2904 1862 2982 Ecclesia
1879 2903 2054 2981 reclinare
2080 2946 2090 2964 ·
2116 2903 2269 2980 Nullum

758 3037 947 3138 collegium
960 3053 1036 3116 erat
1052 3041 1104 3116 ibi
1117 3073 1131 3129 t
1145 3041 1208 3118 sed
1220 3041 1259 3116 in
1271 3041 1350 3143 ipsa
1361 3039 1525 3116 Ecclesia
1536 3040 1760 3140 discooperta
1772 3038 1919 3138 quidam
1931 3037 2135 3140 capellanus
2146 3037 2273 3114 ruralis

759 3169 1004 3246 diviuaofficia
1014 3169 1213 3249 celebrabat
1232 3215 1240 3233 ·
1261 3172 1533 3275 Ipsiusquoque
1545 3169 1717 3273 Episcopi
1729 3169 1890 3246 redditus
1901 3168 2223 3245 suntadectenues
2237 3183 2274 3245 et

761 3302 870 3379 exiles
886 3304 983 3404 quod
1000 3303 1061 3379 vix
1077 3330 1141 3406 per
1157 3304 1345 3379 dimidium
1361 3305 1448 3381 anni
1464 3316 1583 3405 potest
1605 3302 1736 3380 exinde
1756 3328 1910 3405 congrue
1933 3301 2126 3380 sustentari
2143 3341 2153 3365 ·
2172 3301 2275 3392 Quia

759 3460 844 3511 vero
854 3434 1024 3511 instantia
1036 3450 1158 3512 nostra
1170 3434 1375 3535 quotidiana
1387 3450 1443 3513 est
1455 3436 1616 3511 omnium
1629 3433 1857 3511 eeclesiarum
1873 3435 2060 3511 solicitudo
2077 3436 2272 3524 continuas

759 3567 974 3643 fraternitati
998 3582 1115 3645 vestre
1140 3592 1206 3669 per
1231 3566 1443 3668 Apostolica
1463 3567 1596 3668 scripta
1616 3567 1829 3643 mandamus
1851 3579 2029 3667 quatenus
2053 3567 2100 3643 ad
2122 3568 2274 3643 eandem

760 3699 941 3778 ecclesiam
955 3699 1187 3802 personaliter
1198 3701 1464 3792 accedentesfsi
1478 3726 1558 3777 rem
1569 3700 1777 3778 inveneritis
1789 3700 2125 3798 itaessepqucrtam
2134 3714 2275 3801 partem

761 3835 979 3913 decimarum
1004 3833 1165 3911 omnium
1181 3833 1422 3911 Ecclesiamm
1439 3833 1702 3912 Paroebialinm
1717 3832 1984 3910 Dunblaneusis
2000 3832 2149 3909 diocesis
2164 3832 2275 3909 facia·

762 3968 867 4058 tistsi
884 3968 1018 4068 absque
1029 3966 1130 4067 gravi
1139 3964 1305 4043 candele
1314 3966 1393 4043 fieri
1409 3966 1564 4069 poterit!
1577 3966 1716 4069 prefate
1728 3966 1909 4070 Episcopo
1931 3964 2105 4069 assignari
2115 3996 2129 4053 ι
2140 3977 2183 4040 ut
2198 3964 2274 4064 ipse

762 4101 808 4177 de
824 4113 941 4177 vestro
958 4113 995 4175 et
1010 4100 1186 4176 bonorum
1201 4098 1356 4175 virorum
1378 4097 1524 4176 consilio
1547 4132 1561 4189 t
1583 4111 1762 4176 reservata
1781 4096 1851 4174 sibi
1870 4097 1915 4175 de
1936 4098 2024 4200 ipsis
2045 4124 2111 4200 pro
2127 4108 2270 4175 susten-

763 4235 898 4311 tatione
915 4259 979 4309 sua
995 4256 1154 4333 congrua
1175 4228 1338 4329 portione
1355 4263 1369 4321 ι
1386 4230 1522 4307 decano
1543 4243 1581 4307 et
1605 4230 1784 4307 mnonieis
1800 4255 1890 4329 quos
1906 4228 2040 4307 ibidem
2055 4256 2122 4333 per
2136 4255 2200 4305 ros
2215 4230 2274 4304 in·

762 4366 865 4443 stitui
887 4364 1064 4442 voluimus
1087 4362 1360 4441 et'mandamm
1384 4364 1543 4465 assignet
1567 4405 1576 4424 ·
1599 4361 1775 4462 Alioquin
1799 4360 1979 4465 assignata
2000 4360 2071 4464 ipsi
2094 4361 2275 4464 Episcopo

763 4510 891 4597 quarta
918 4497 1138 4574 decimarum
1168 4495 1329 4572 omnium
1358 4494 1587 4573 ecelesiamn
1611 4494 1772 4594 ejusdem
1796 4494 1946 4574 diocesis
1971 4520 2087 4597 quea
2114 4493 2275 4596 personis

764 4628 980 4707 secularibus
995 4629 1204 4707 detinentur
1217 4663 1231 4719 t
1243 4628 1365 4707 sedem
1377 4626 1629 4731 Episoopslem
1644 4626 1692 4703 ad
1702 4628 1957 4705 monasterium
1971 4628 2084 4705 seneli
2099 4626 2125 4705 J
2126 4628 2275 4705 ohannis

765 4760 1028 4838 Oancniccrum
1049 4760 1266 4863 regularium
1287 4760 1444 4862 predicte
1468 4758 1617 4837 diocesis
1635 4756 1855 4837 trmsferatis
1870 4758 2057 4863 'eligendi
2077 4760 2275 4864 Episcopoe

765 4920 848 4971 eum
864 4891 1026 4969 Ecclesia
1041 4893 1118 4995 ipsa
1132 4894 1308 4973 vacaverit
1326 4891 1518 4972 Canoniais
1534 4891 1620 4994 ipsis
1635 4892 1869 4992 imposterum
1882 4904 2063 4997 potestate
2079 4920 2245 4972 concessa
2261 4927 2274 4982 t
