5734 6700
757 549 804 618 24
1335 537 1695 616 REGISTRUM

759 883 881 984 Carta
899 905 1049 982 Roberti
1067 905 1179 1007 Regis
1196 905 1243 982 (16
1259 907 1366 983 terris
1383 905 1429 983 (16
1447 905 1619 1008 Oardnay
1638 949 1648 968 ·

691 1181 740 1248 22
757 1146 957 1248 Robertus
975 1171 1033 1248 dei
1050 1171 1165 1274 gratia
1182 1172 1264 1248 Rex
1284 1170 1492 1248 Scottorum
1509 1171 1677 1246 omnibus
1693 1171 1813 1273 probis
1829 1169 2034 1247 bominibus
2049 1173 2159 1248 totius
2176 1186 2282 1248 terre

756 1308 814 1380 sue
837 1321 912 1381 tam
935 1305 1070 1382 clericis
1095 1332 1203 1406 quam
1228 1304 1327 1380 laicis
1352 1303 1535 1380 salutem·
1564 1303 1689 1381 Sciant
1708 1306 1890 1406 presentes
1916 1319 1953 1382 et
1971 1305 2084 1382 futuri
2110 1333 2176 1381 nos
2203 1334 2277 1408 pro

755 1439 865 1516 salute
890 1440 1008 1514 anime
1032 1441 1148 1515 nostre
1173 1453 1210 1515 et
1235 1465 1301 1540 pro
1327 1437 1438 1514 salute
1461 1439 1661 1514 animanrm
1678 1439 1959 1540 predecessorum
1981 1454 2018 1515 et
2041 1441 2276 1517 lueoefforum

754 1575 955 1648 nostrorum
975 1599 1101 1674 regum
1127 1571 1246 1648 Scotie
1267 1571 1397 1648 dodillo
1418 1586 1455 1649 et
1476 1573 1670 1648 conceffiffe
1689 1587 1726 1649 et
1742 1572 1810 1648 bac
1827 1587 1926 1648 carta
1949 1575 2068 1648 nostra
2090 1575 2274 1651 irreuoca-

753 1703 870 1781 bilitor
895 1704 1114 1781 confirmasse
1140 1703 1209 1780 (166
1234 1717 1270 1780 ct
1296 1702 1438 1780 ecclelie
1461 1704 1568 1778 sanni
1591 1703 1769 1782 Jobannis
1793 1703 1957 1806 Apostoli
1982 1717 2020 1780 et
2042 1705 2272 1808 Euangeliste

755 1839 800 1914 de
824 1838 945 1913 Insula
963 1837 1148 1919 stlill'arum
1169 1851 1205 1913 et
1228 1836 1408 1913 canonicis
1432 1837 1567 1912 ibidem
1592 1837 1662 1912 deo
1684 1838 1918 1912 seruientibus
1943 1851 1980 1914 et
2005 1838 2270 1941 imperpetuum

753 1970 934 2047 seruituris
955 1984 1068 2046 totam
1087 1985 1219 2048 terram
1241 1971 1397 2046 nostram
1419 1969 1467 2045 de
1488 1969 1663 2071 Gardnuy
1684 1985 1721 2046 et
1737 1971 1783 2045 de
1799 1969 2028 2072 Doloorachy
2045 1972 2085 2046 in
2101 1971 2272 2076 thanagio

754 2103 799 2178 de
819 2105 1012 2206 fforteuyot
1033 2103 1361 2204 compertinentiis
1382 2102 1596 2178 Tenendum
1617 2118 1654 2178 et
1676 2103 1878 2178 habendam
1896 2103 2027 2179 eisdem
2042 2103 2214 2206 aeligiofis
2229 2107 2270 2181 in

754 2235 902 2312 liberam
924 2261 1051 2336 puram
1068 2249 1104 2312 et
1120 2250 1332 2338 perpetuam
1359 2234 1584 2310 elemofinam
1613 2213 1686 2310 tine
1711 2234 1831 2334 aliquo
1859 2235 2100 2312 retinemento
2125 2237 2163 2311 in
2185 2265 2270 2339 per-

696 2377 700 2386 '
755 2385 905 2471 potuum
922 2395 987 2470 per
1003 2395 1127 2444 omnes
1144 2369 1255 2445 redes
1274 2382 1387 2444 metas
1405 2381 1442 2443 et
1459 2367 1588 2441 diuisas
1605 2368 1685 2443 luas
1701 2381 1738 2442 et
1754 2394 1837 2443 cum
1860 2368 2026 2447 omnibus
2048 2369 2270 2445 libertatibus

755 2501 1067 2579 commoditatibus
1093 2515 1130 2576 et
1152 2501 1364 2580 aifiamentis
1386 2498 1457 2574 suis
1476 2499 1516 2573 in
1538 2499 1649 2574 boscis
1666 2513 1703 2576 et
1720 2498 1836 2601 planis
1857 2501 1969 2602 pratis
1991 2516 2028 2578 ct
2047 2503 2183 2603 pascuis
2203 2503 2270 2580 viis

755 2650 791 2710 ct
816 2633 946 2709 semitis
971 2633 1081 2707 moris
1106 2649 1143 2708 et
1168 2631 1348 2716 manebis
1373 2631 1476 2732 aquis
1500 2631 1634 2732 stagnis
1658 2630 1825 2707 multuris
1841 2632 2052 2716 molendinis
2070 2634 2215 2736 potoriis
2232 2651 2270 2713 et

755 2765 921 2842 turbariis
955 2763 994 2837 in
1019 2763 1316 2864 aucupationibus
1341 2763 1591 2839 venationibus
1624 2764 1830 2840 nemoribus
1863 2779 1900 2840 et
1926 2765 2081 2865 piscariis
2115 2782 2153 2844 ct
2185 2795 2269 2842 cum

757 2897 923 2974 omnibus
949 2894 1026 2970 aliis
1046 2895 1149 2995 justis
1174 2893 1401 2996 pertinentiis
1426 2894 1496 2969 suis
1521 2909 1595 2969 tam
1620 2920 1695 2970 non
1720 2896 1912 2972 nominatis
1937 2925 2044 2997 quam
2077 2900 2270 2976 nominatis

756 3028 804 3104 ad
828 3027 957 3104 didam
983 3041 1114 3102 terram
1136 3025 1399 3127 pertinentibus
1422 3027 1544 3100 autin
1568 3026 1733 3127 posterim
1754 3028 1933 3129 pertinere
1955 3028 2155 3106 valentibus
2178 3033 2269 3108 adeo

756 3159 866 3235 libere
891 3171 927 3234 et
957 3157 1075 3257 quiete
1104 3156 1243 3258 integro
1272 3155 1432 3258 plenarie
1460 3156 1608 3259 pacifice
1637 3172 1674 3233 et
1701 3158 1897 3236 honorilice
1925 3163 1972 3236 ab
1999 3164 2096 3239 omui
2122 3164 2268 3241 fornicio

756 3289 902 3368 seculari
925 3289 1107 3365 exatlione
1125 3287 1241 3365 seruili
1257 3287 1511 3368 cousuetudine
1527 3290 1586 3365 scu
1604 3288 1784 3367 demanda
1799 3319 1870 3393 que
1886 3320 1952 3396 per
1968 3321 2035 3372 nos
2050 3312 2112 3374 aut
2135 3299 2268 3375 succos-

757 3428 849 3500 sores
871 3423 1007 3498 nostros
1034 3420 1073 3495 in
1106 3420 1273 3523 posterim
1296 3420 1382 3496 inde
1405 3434 1579 3521 poterunt
1603 3422 1699 3524 exigi
1721 3424 1780 3499 scu
1805 3425 2015 3503 demandari
2040 3432 2126 3507 licut
2150 3431 2268 3533 aliqua

758 3572 853 3634 terra
869 3555 1086 3633 elimotinata
1101 3554 1139 3630 in
1156 3569 1233 3630 toto
1250 3578 1362 3654 regno
1379 3554 1498 3630 nostro
1515 3582 1561 3629 ex
1577 3555 1674 3631 dono
1690 3582 1823 3658 regum
1842 3558 1963 3637 Scotie
1988 3563 2268 3663 predecefforum

758 3692 956 3771 nostrorum
971 3690 1115 3766 liberius
1132 3689 1287 3791 quietius
1307 3687 1448 3790 plenius
1470 3689 1530 3768 seu
1553 3688 1845 3768 honorificentius
1864 3708 2007 3771 tenetur
2026 3724 2089 3773 seu
2115 3701 2267 3801 poffide..

758 3843 818 3903 tur
853 3864 862 3885 ·
899 3824 945 3903 In
975 3825 1078 3923 cujus
1110 3822 1161 3897 rei
1196 3820 1433 3897 testimonium
1467 3822 1622 3921 presenti
1655 3837 1751 3899 carte
1784 3826 1900 3902 nostre
1928 3828 2078 3930 tigillum
2107 3834 2267 3909 nostrum

758 3958 975 4061 precipimus
1009 3956 1143 4059 apponi
1177 3997 1186 4013 ·
1221 3954 1304 4031 Hiis
1338 3954 1484 4030 testibus
1517 3954 1703 4032 Bernardo
1735 3958 1881 4036 Abbate
1914 3962 1960 4038 de
1989 3962 2266 4046 Aberbrothock

758 4088 968 4166 cancellario
990 4090 1134 4167 nostro·
1163 4087 1323 4165 Roberto
1344 4087 1473 4161 abbate
1490 4088 1535 4163 de
1560 4088 1805 4193 Dunfermlyn
1829 4134 1838 4153 ·
1863 4092 2057 4177 malcolmo
2073 4098 2202 4181 comite
2219 4099 2266 4180 (16

758 4221 937 4321 Leuynax
955 4262 964 4281 ·
982 4220 1147 4297 Jolranne
1161 4220 1206 4295 de
1222 4217 1436 4299 meneceth·
1456 4218 1621 4297 Gilberto
1634 4222 1679 4297 de
1693 4222 1802 4325 Hoya
1819 4266 1829 4283 ·
1848 4224 2005 4328 Hugono
2015 4228 2061 4304 de
2071 4228 2181 4307 Ertht
2198 4271 2208 4290 ·
2226 4246 2264 4311 et

758 4352 918 4428 Roberto
935 4350 980 4427 de
1004 4351 1114 4427 Keith
1131 4350 1329 4435 marascallo
1346 4352 1464 4427 nostro
1483 4350 1605 4431 Scotio
1627 4354 1798 4438 militibus
1817 4398 1826 4417 ·
1850 4359 1949 4460 apud
1965 4358 2119 4439 Fontem
2138 4363 2264 4441 Scocie
2351 4455 2358 4466 Ι

757 4484 817 4559 xvi
833 4483 891 4561 dio
907 4483 1089 4586 Februarij
1108 4510 1202 4561 auno
1217 4485 1319 4587 regni
1335 4484 1445 4561 nostri
1460 4488 1584 4563 octauo
1603 4530 1612 4549 ·
