5734 6700
1072 724 1151 800 DE
1183 717 1586 804 INOHAFFERY.
1902 796 1906 803 .
2065 737 2086 814 7

574 1067 696 1170 Carta
716 1105 891 1168 terrarum
913 1089 1079 1169 videlicet
1101 1092 1147 1170 do
1168 1091 1331 1170 thlour
1353 1129 1362 1153 ·
1386 1093 1569 1195 Ardenny
1596 1135 1606 1154 ·
1636 1090 1816 1197 Ardbany
1838 1137 1847 1156 ·
1871 1096 2085 1171 Duffindir·

570 1225 737 1329 Balloyer
754 1265 764 1287 ·
783 1224 970 1328 Balgilhen
992 1270 1002 1288 ·
1024 1225 1138 1303 tribus
1155 1227 1245 1302 auris
1261 1226 1433 1328 proximis
1450 1229 1597 1304 murello
1614 1227 1660 1304 de
1678 1227 1801 1304 Foulis
1819 1271 1828 1290 ·
1848 1229 2057 1306 Ruchalach
2075 1270 2085 1290 ·

569 1361 665 1436 Item
694 1360 741 1436 ds
771 1358 922 1436 eoolefiis
949 1360 995 1434 de
1024 1357 1194 1461 Strogetb
1221 1400 1231 1421 ·
1262 1359 1403 1462 Dunyn
1431 1397 1442 1420 ι
1468 1359 1684 1438 Abrotbuen
1712 1405 1722 1424 ·
1752 1362 2085 1439 Ouchtirhardore·

570 1491 731 1596 Kynkell
748 1527 758 1554 ·
776 1491 909 1568 Fowlis
928 1491 1126 1593 ·t1)adirdy
1145 1529 1154 1554 ·
1173 1491 1400 1596 mopheuard
1419 1535 1427 1556 ·
1447 1491 1663 1595 Kylbryde·

526 1735 767 1840 aUniverus
802 1763 918 1838 sanae
947 1761 1073 1837 matris
1104 1761 1245 1839 ecclelie
1271 1761 1353 1838 filiis
1386 1777 1424 1840 et
1455 1763 1623 1841 fidelibus
1656 1763 1844 1842 Gilbertus
1878 1793 2000 1855 comes
2034 1767 2080 1842 de

569 1895 781 1998 Stratheryn
794 1895 941 1972 salutem
953 1935 962 1958 ·
974 1895 1127 1973 Noverit
1139 1899 1345 1974 uniuerlitas
1358 1899 1472 1976 vestra
1487 1926 1547 1976 me
1563 1900 1742 2001 quandam
1760 1901 1907 1977 domum
1923 1902 2083 1978 lundafl'e

568 2031 606 2104 in
628 2030 801 2106 honorem
823 2029 897 2106 Dei
922 2044 960 2106 et
979 2031 1093 2107 anus
1115 2030 1232 2111 marie
1254 2047 1291 2109 et
1312 2032 1420 2109 tanai
1441 2033 1468 2109 J
1469 2033 1621 2110 ohannis
1641 2033 1789 2135 apostoli
1805 2049 1843 2111 et
1859 2036 2082 2138 ewangeliste

566 2163 605 2238 in
621 2177 718 2239 terra
733 2189 814 2238 mea
830 2163 928 2265 apud
945 2162 1170 2240 Incbafferen
1188 2163 1308 2264 ibique
1325 2163 1515 2240 eanonicus
1529 2162 1710 2266 regulares
1727 2163 1873 2266 poluilse
1891 2205 1900 2222 ·
1917 2167 1964 2240 ad
1981 2168 2083 2267 cujus

567 2297 697 2391 domus
723 2295 970 2372 fundationem
995 2310 1033 2373 et
1060 2297 1312 2372 canonicorum
1341 2295 1629 2374 sustentationem
1657 2296 1773 2372 sciatis
1799 2323 1860 2372 me
1888 2297 2019 2374 dediffe
2045 2313 2082 2372 ct

566 2426 760 2506 coneessiffe
777 2443 814 2507 et
830 2428 898 2504 hac
915 2443 1014 2506 carta
1029 2449 1111 2505 mea
1126 2429 1345 2506 conflrmaffe
1362 2428 1542 2506 canonicis
1559 2428 1693 2506 ibidem
1703 2428 1788 2505 Deo
1798 2429 2030 2506 servientibus
2046 2445 2084 2506 et

564 2562 743 2640 servituris
770 2560 1048 2640 Acbadlunrooh
1072 2576 1109 2640 et
1126 2562 1300 2640 Ardewin
1318 2577 1355 2640 et
1371 2563 1549 2665 Ardbany
1564 2576 1602 2638 et
1618 2561 1822 2664 Doffyndre
1839 2577 1876 2639 et
1892 2562 2020 2638 Balfur
2044 2579 2083 2639 et

566 2693 850 2797 Balmalrgillone
870 2709 908 2771 et
929 2709 1002 2773 tres
1023 2721 1123 2772 acras
1145 2710 1239 2772 torre
1259 2695 1352 2772 illius
1374 2722 1444 2797 que
1464 2695 1628 2797 proxima
1650 2695 1701 2770 est
1722 2695 1868 2771 marisco
1885 2698 1931 2772 de
1947 2696 2080 2772 Fowlis

564 2829 683 2905 versus
711 2825 915 2928 aquilonem
944 2841 981 2906 et
1010 2827 1130 2904 villam
1159 2855 1229 2930 que
1259 2827 1391 2904 dicitur
1419 2825 1656 2905 Ruuehnlaoh
1684 2853 1794 2927 quam
1819 2827 1905 2903 dedi
1933 2827 1986 2904 eis
2015 2854 2081 2930 pro

566 2957 714 3037 decimis
747 2961 928 3036 lucrorum
962 2987 1124 3038 meorum
1153 2988 1223 3062 que
1252 2962 1465 3066 proveniant
1492 2960 1603 3037 michi
1631 2975 1670 3036 et
1698 2959 1890 3036 heredibus
1917 2960 2007 3036 meis
2035 2961 2082 3035 de

564 3093 704 3196 placitis
738 3107 775 3170 et
809 3093 961 3193 querelis
996 3094 1042 3169 de
1076 3093 1250 3171 comitatu
1282 3121 1364 3170 meo
1394 3134 1405 3154 ·
1442 3094 1489 3171 de
1521 3093 1630 3170 lucris
1662 3106 1784 3169 autem
1817 3119 1887 3194 que
1919 3093 2010 3168 mihi
2043 3109 2082 3170 et

564 3225 756 3304 heredibus
788 3227 878 3302 meis
911 3225 1056 3302 aliunde
1085 3227 1233 3303 veniant
1261 3227 1313 3303 eis
1342 3227 1500 3304 decimas
1529 3226 1689 3328 plenarie
1721 3226 1961 3329 persoluemus
1996 3268 2005 3287 ·
2042 3239 2081 3304 et

563 3375 707 3439 tantum
739 3360 786 3436 ds
819 3361 964 3437 murello
998 3360 1044 3436 de
1077 3360 1209 3437 Fowlis
1247 3360 1436 3463 adjacente
1473 3360 1722 3463 prenominato
1760 3360 1871 3437 insule
1903 3376 2080 3461 quantum

562 3495 733 3571 vallatum
760 3495 811 3571 est
836 3494 882 3569 ab
910 3493 962 3569 eis
989 3493 1111 3570 loffato
1136 3520 1231 3569 anno
1257 3495 1303 3569 ab
1328 3493 1573 3570 incarnatione
1598 3493 1750 3570 Domini
1770 3504 1820 3574 (ο0
1837 3506 1892 3570 cc⁰
1908 3495 2017 3567 xixr·
2043 3509 2081 3569 et

562 3656 674 3704 vnum
696 3626 941 3704 molendinum
965 3626 1069 3729 super
1091 3625 1221 3729 Heryn
1244 3627 1343 3725 apud
1365 3624 1568 3728 Dunfallyn
1595 3626 1693 3727 quod
1718 3627 1951 3703 firmaverunt
1971 3629 2080 3728 juxta

563 3761 808 3837 molendinum
839 3787 960 3837 meum
990 3786 1074 3835 cum
1104 3760 1204 3837 omni
1233 3761 1450 3863 syliamento
1482 3759 1581 3860 quod
1613 3760 1795 3834 firmatum
1828 3759 1878 3835 est
1906 3787 2002 3837 anuo
2030 3762 2076 3837 ab

563 3894 806 3969 incarnatione
821 3892 973 3970 Domini
989 3902 1040 3973 (οο
1056 3904 1112 3969 co⁰
1128 3894 1205 3969 xix⁰
1227 3934 1237 3953 ·
1264 3890 1347 3969 Heo
1368 3906 1493 3969 autem
1514 3890 1636 3967 omnia
1654 3891 1735 3967 rolo
1757 3905 1800 3967 ut
1821 3891 1949 3991 prelati
1968 3918 2078 3969 cano·

563 4027 634 4103 nioi
655 4028 813 4103 habeant
838 4040 984 4103 teneant
1007 4040 1044 4103 et
1068 4026 1262 4127 poffideant
1285 4025 1323 4101 in
1348 4050 1477 4127 puram
1500 4040 1538 4100 et
1564 4038 1775 4127 perpetuam
1802 4024 2018 4101 elimosinam
2038 4028 2077 4101 in

563 4163 665 4237 bosco
687 4175 725 4237 et
745 4158 853 4261 plano
879 4159 916 4233 in
941 4159 1046 4235 terris
1071 4174 1108 4236 et
1132 4160 1235 4261 aquis
1256 4158 1295 4234 in
1317 4159 1430 4262 pratis
1451 4131 1489 4236 et
1509 4158 1647 4262 pascuis
1666 4158 1705 4232 in
1724 4159 1834 4234 moris
1851 4172 1888 4234 et
1904 4160 2076 4235 marrefiis

564 4296 601 4369 in
628 4294 761 4397 {lagnis
787 4306 825 4369 et
851 4291 1065 4369 molendinis
1092 4295 1131 4369 in
1159 4292 1314 4396 piscariis
1343 4319 1409 4395 per
1437 4316 1562 4368 omnes
1590 4292 1704 4367 retias
1734 4291 1811 4367 suas
1838 4292 1967 4367 diuisas
1992 4320 2076 4369 cum

563 4426 728 4504 omnibus
744 4426 848 4528 justis
873 4426 1100 4527 pertinentiis
1125 4428 1195 4505 suis
1220 4430 1272 4503 ita
1296 4426 1406 4504 libere
1431 4440 1469 4503 et
1494 4424 1614 4528 quiete
1638 4425 1797 4527 plenarie
1822 4441 1859 4501 et
1883 4424 2076 4503 honorifice

562 4560 650 4635 licut
677 4558 796 4660 aliqua
824 4558 1014 4637 elemotina
1038 4560 1077 4636 in
1103 4575 1179 4638 toto
1204 4586 1314 4663 regno
1342 4557 1464 4637 Scotie
1489 4560 1536 4636 ab
1562 4558 1682 4660 aliquo
1708 4560 1839 4637 comite
1860 4559 1918 4635 rel
1943 4562 2077 4637 barone

561 4690 706 4769 liberius
734 4695 890 4795 quietius
917 4696 1098 4797 plenarius
1125 4712 1162 4773 ct
1188 4693 1482 4771 honorificentius
1508 4708 1653 4771 tenetur
1678 4709 1716 4771 et
1741 4694 1935 4797 possidetur
1957 4738 1966 4755 ·
1992 4694 2075 4797 Ego
2207 4759 2209 4763 ,

563 4852 646 4903 vcro
670 4826 818 4905 heredes
844 4828 914 4905 mei
937 4843 1053 4907 totum
1075 4830 1286 4907 forinsecum
1307 4826 1492 4907 seruitium
1512 4828 1652 4904 domini
1672 4827 1783 4931 Regis
1804 4827 1902 4929 quod
1924 4829 1971 4903 ad
1992 4856 2075 4931 pre·
