5734 6700
1160 2329 1551 2428 REGISTRUM

803 2611 1088 2712 ΑΒΒΑΟΙΕ
1130 2612 1219 2712 DE
1259 2613 1503 2713 INSULA
1543 2615 1904 2718 MISSARUM.

602 3367 725 3471 Certa
743 3393 900 3473 Gilberti
917 3396 1069 3473 comitis
1086 3397 1132 3473 de
1151 3394 1368 3497 Strutheryn
1387 3436 1395 3455 ·

554 3662 573 3727 l
597 3632 650 3735 In
667 3661 817 3752 nomine
838 3660 976 3736 domini
998 3662 1108 3737 nostri
1133 3663 1210 3737 Iesu
1232 3660 1364 3738 christi
1389 3660 1452 3761 qui
1476 3660 1654 3761 ooequulis
1679 3676 1716 3738 et
1740 3677 1930 3739 ooetemus
1955 3631 2005 3739 est
2026 3666 2110 3743 Deo

594 3792 696 3869 Petri
730 3807 767 3870 et
802 3792 953 3895 Spiritui
984 3793 1117 3871 Sentio
1147 3794 1229 3896 Ego
1262 3792 1450 3871 Gilbertus
1480 3791 1576 3869 filius
1604 3792 1754 3871 Ferthet
1782 3793 1857 3869 Dei
1887 3794 2111 3897 indulgentia

594 3950 713 4002 comen
733 3926 781 4001 de
804 3924 1019 4027 Stretheryn
1040 3941 1077 4003 et
1100 3952 1167 4029 ego
1190 3925 1355 4010 matildis
1381 3923 1457 4001 filiu
1477 3924 1650 4001 Willelmi
1675 3926 1721 4001 de
1742 3925 1915 4027 Aubegni
1938 3928 2109 4005 oomitifl'a

593 4058 785 4161 inspirante
807 4059 924 4161 gratio
950 4060 1071 4135 divina
1095 4058 1257 4135 volentes
1282 4058 1321 4132 in
1347 4056 1454 4135 feodo
1480 4058 1599 4134 nostro
1625 4072 1663 4133 et
1688 4058 1904 4159 patrimonio
1929 4058 2108 4135 eecleiiom

590 4192 669 4269 Dei
688 4191 845 4269 exaltare
864 4206 902 4269 et
925 4192 972 4269 od
994 4191 1068 4269 Dei
1090 4191 1228 4268 nultum
1250 4191 1367 4267 senile
1386 4188 1570 4291 religionis
1585 4190 1720 4267 ibidem
1739 4190 1916 4292 plantet-in
1931 4192 2081 4269 inserem
2100 4237 2108 4254 ·

593 4324 859 4401 affentientibus
892 4326 1072 4402 devotioni
1106 4327 1222 4402 nostre
1254 4323 1515 4401 venerabilibus
1553 4324 1738 4427 Epileopis
1779 4325 1904 4402 nostris
1941 4326 2109 4405 Johunue

592 4458 842 4537 Dunlseldenli
864 4476 901 4537 et
922 4459 1082 4537 Jonatha
1102 4459 1351 4535 Dunblenenfi
1375 4458 1561 4560 liberisque
1585 4460 1712 4535 nostris
1736 4458 1910 4536 militibus
1932 4474 1970 4539 et
1988 4461 2108 4539 thenis

592 4592 869 4670 comedentibus
898 4632 908 4653 ·
934 4592 1063 4668 dumus
1090 4592 1319 4669 concedimus
1345 4606 1382 4669 et
1408 4592 1583 4669 tradimus
1610 4591 1854 4669 lnoheuffereu
1878 4592 1977 4691 quod
1999 4592 2110 4669 latine

593 4726 724 4801 dieitur
758 4725 878 4803 Insula
917 4726 1096 4801 miliarum
1136 4724 1282 4801 domino
1319 4726 1438 4801 noilro
1475 4725 1562 4801 Jeiu
1596 4724 1736 4801 chrito
1773 4738 1811 4801 et
1848 4725 1952 4804 beate
1989 4726 2107 4811 merie

589 4856 766 4959 genetrici
792 4859 869 4958 ejus
894 4858 1081 4957 fundoque
1105 4856 1263 4933 Johenni
1289 4855 1444 4957 apostolo
1467 4855 1617 4933 liberum
1642 4854 1794 4933 solutum
1818 4870 1856 4933 et
1880 4858 2037 4959 quietem
2062 4861 2108 4935 eb

591 4991 690 5067 omni
720 4992 902 5067 exaeione
929 4989 1071 5067 servicio
1098 4988 1352 5065 consuetudine
1380 5002 1418 5064 et
1443 4988 1656 5089 subjeetione
1680 4988 1827 5065 seculari
1856 5020 1899 5069 en
1925 4992 2108 5072 voluntate
