5734 6700
1284 1734 1362 1832 IV.

760 2082 978 2158 OARTAE
1007 2082 1385 2160 RECENTIORES
1411 2084 1486 2161 DE
1516 2084 1879 2162 INCHAFFERY.

1121 2644 1183 2709 EX
1204 2644 1532 2712 AUTOGRAPHIS.

568 2896 618 2960 De
633 2894 766 2960 licencia
780 2894 923 2980 piscandi
938 2918 996 2982 pro
1010 2896 1162 2981 anguillis
1175 2896 1209 2961 in
1224 2895 1403 2982 Polpefery.

531 3146 552 3209 1
568 3134 729 3199 Robertus
743 3134 865 3198 Mensae
878 3132 919 3197 de
934 3132 1141 3220 lnuerpelery
1156 3183 1164 3200 .
1182 3183 1190 3199 .
1207 3183 1215 3198 .
1232 3134 1368 3199 Nouerit
1378 3132 1568 3201 vniuersitas
1582 3143 1687 3199 vestra
1702 3156 1752 3200 me
1768 3183 1775 3199 .
1791 3180 1799 3198 .
1817 3183 1824 3199 .
1842 3154 1914 3199 oum
1929 3154 2085 3199 consensu

567 3256 744 3317 etassensu
757 3250 932 3317 Alexandri
945 3253 1068 3317 Mersar
1081 3250 1207 3317 heredis
1221 3250 1284 3317 mci
1298 3261 1332 3316 et
1350 3272 1422 3317 cum
1442 3272 1599 3318 consensu
1614 3264 1648 3318 et
1666 3274 1798 3319 assensu
1815 3253 1943 3320 Andree
1965 3254 2087 3319 Mereor

567 3373 608 3438 de
630 3371 830 3459 Inchebreky
851 3372 1003 3438 auunculi
1023 3372 1087 3436 mei
1108 3372 1162 3437 cui
1181 3371 1267 3438 dicte
1289 3383 1372 3437 terre
1393 3372 1433 3437 de
1458 3371 1658 3459 Inchebreliy
1683 3386 1759 3440 sunt
1779 3371 1990 3459 impignorate
2013 3423 2021 3438 .
2045 3423 2053 3438 .
2077 3422 2085 3436 .

568 3490 693 3556 dedisse
708 3540 716 3556 .
737 3539 745 3556 .
766 3540 774 3555 .
795 3513 853 3577 pro
867 3491 970 3556 salute
984 3493 1089 3556 anime
1103 3513 1175 3557 mee
1188 3503 1223 3556 et
1236 3491 1411 3556 animarum
1425 3491 1448 3556 J
1450 3501 1543 3558 onetc
1559 3513 1674 3578 sponse
1688 3512 1758 3558 mee
1774 3493 1947 3559 Alexandri
1962 3493 2087 3558 heredis

570 3610 632 3673 mei
646 3607 820 3695 supradicti
834 3618 869 3674 et
882 3608 1023 3675 omnium
1036 3631 1256 3675 comessorum
1271 3631 1412 3675 meorum
1431 3609 1539 3676 abbati
1554 3621 1587 3676 et
1602 3610 1775 3676 conuentui
1798 3610 1906 3678 Insule
1921 3611 2087 3678 missarum

570 3777 578 3792 .
596 3777 603 3793 .
620 3777 628 3792 .
643 3726 810 3793 licenciam
824 3739 1011 3814 perpetuam
1026 3725 1170 3813 piscandi
1181 3748 1239 3812 per
1249 3747 1338 3792 arcas
1352 3726 1432 3793 retia
1446 3737 1503 3792 aut
1518 3727 1581 3793 elia
1599 3727 1811 3793 initiamenta
1825 3750 2014 3816 quecunque
2029 3753 2087 3817 pro

570 3847 718 3934 anguillis
728 3859 763 3913 et
776 3847 847 3912 aliis
862 3845 1002 3933 piscibus
1013 3845 1176 3931 capiendis
1190 3845 1368 3911 necessaris
1381 3845 1415 3909 in
1426 3845 1497 3911 loco
1508 3845 1565 3932 qui
1578 3845 1737 3932 wlgariter
1747 3846 1863 3913 dicitur
1874 3848 1906 3934 ly
1917 3847 2086 3936 Polpel'ery

569 3968 651 4032 infra
665 3966 840 4032 dominium
853 3986 961 4031 meum
974 3964 1016 4029 de
1029 3962 1165 4050 Dullory
1179 3985 1217 4029 ac
1231 3985 1325 4028 vnam
1339 3962 1392 4028 vel
1405 3963 1514 4050 plures
1528 3985 1617 4030 arces
1632 3963 1713 4030 retia
1726 3975 1784 4030 aut
1797 3965 1859 4030 alia
1876 3965 2088 4034 instrumenta

570 4108 628 4173 pro
642 4083 824 4151 huiusmodi
838 4082 979 4171 piscibus
993 4081 1147 4148 habendis
1161 4080 1408 4147 conuenientia.
1424 4131 1432 4146 .
1446 4131 1454 4146 .
1466 4081 1592 4148 locandi
1602 4103 1698 4169 super
1712 4081 1744 4170 ly
1755 4083 1924 4173 Polpesery
1939 4135 1947 4152 .
1963 4109 2087 4155 necnon

568 4215 602 4270 et
623 4217 729 4270 strues
748 4202 908 4289 lignorum
929 4199 1094 4286 congeries
1111 4200 1255 4285 lapidum
1280 4221 1318 4266 ec
1343 4221 1452 4264 muros
1473 4209 1630 4266 terrarum
1649 4201 1785 4269 faciendi
1809 4253 1817 4268 .
1841 4253 1849 4271 .
1873 4255 1881 4270 .
1903 4215 2084 4296 tetramque

568 4325 709 4391 fodiendi
723 4345 761 4390 ac
775 4322 898 4409 lapides
912 4319 1077 4386 scindendi
1089 4329 1123 4384 et
1137 4318 1303 4404 optinendi
1317 4341 1415 4405 super
1429 4329 1529 4385 terres
1544 4341 1631 4386 meas
1645 4323 1804 4407 predictas
1817 4324 1858 4391 de
1873 4325 2009 4414 Dullory
2025 4378 2032 4393 .
2050 4378 2057 4394 .
2075 4378 2083 4394 .

563 4470 628 4534 pro
642 4444 876 4513 sustentacione
891 4490 899 4508 .
916 4492 924 4507 .
941 4491 950 4508 .
970 4441 1253 4506 instrumentorum
1265 4460 1322 4526 pro
1337 4449 1471 4526 captura
1484 4440 1698 4526 predictorum
1713 4444 1849 4529 piscium
1867 4493 1876 4512 .
1893 4495 1926 4512 ..
1949 4449 2085 4534 insuper

567 4566 597 4632 si
611 4565 776 4650 continget
789 4584 840 4628 me
850 4572 908 4627 aut
922 4559 1055 4626 heredes
1065 4579 1154 4624 meos
1176 4607 1184 4622 .
1200 4607 1209 4624 .
1224 4605 1234 4622 .
1254 4557 1462 4624 donacionem
1473 4557 1558 4626 dicte
1573 4559 1730 4628 libertatis
1746 4573 1779 4629 et
1793 4564 1925 4632 licencie
1940 4567 2084 4653 piscandi

567 4737 577 4753 .
594 4737 601 4753 .
619 4737 627 4752 .
643 4686 845 4773 aliquatenus
859 4701 1007 4747 revocure
1021 4677 1129 4765 obligo
1142 4700 1195 4744 me
1209 4677 1341 4744 heredes
1351 4701 1439 4746 meos
1455 4728 1463 4745 .
1480 4729 1488 4746 .
1504 4729 1512 4744 .
1528 4679 1562 4744 in
1577 4691 1706 4748 eentum
1720 4682 1809 4750 libris
1822 4685 1941 4752 venalis
1955 4697 2082 4754 monete

569 4807 683 4876 Scocie
707 4856 715 4872 .
739 4795 751 4870 ζ
770 4855 779 4870 .
805 4801 917 4869 Eciam
939 4801 1011 4867 volo
1035 4811 1070 4866 ct
1088 4799 1228 4865 concedo
1249 4821 1326 4865 casu
1348 4822 1413 4887 qno
1432 4799 1597 4888 contingat
1618 4824 1669 4869 me
1690 4815 1724 4870 et
1746 4805 1877 4870 heredes
1899 4827 1986 4874 meos
2007 4853 2016 4874 .
2039 4855 2047 4875 .
2071 4856 2079 4873 .
