5734 6700
923 771 926 776 ¹
1040 785 1120 862 DE
1151 783 1553 866 INGHAFFERY.
2002 796 2053 870 39
2218 818 2223 830 ’

538 1021 609 1096 fine
631 1020 728 1094 omni
745 1047 853 1098 onere
870 1036 907 1098 et
922 1023 993 1098 sine
1011 1023 1108 1098 omni
1125 1023 1260 1100 olomeo
1277 1035 1314 1100 et
1331 1021 1542 1123 calumpniis
1558 1022 1630 1099 mei
1646 1020 1872 1099 etheredum
1888 1050 2049 1100 meorum

537 1152 701 1229 seciendo
731 1165 872 1228 tentum
903 1153 1048 1230 domino
1076 1155 1194 1231 nostro
1228 1153 1322 1254 Regi
1352 1153 1397 1229 de
1427 1152 1520 1228 dieta
1548 1168 1643 1229 terre
1671 1152 1856 1229 seminium
1887 1154 2049 1230 debitum

537 1301 573 1360 et
590 1285 795 1362 consuetum
819 1326 829 1348 ·
857 1285 938 1388 Ego
953 1312 1038 1362 vero
1055 1301 1091 1363 et
1107 1285 1256 1363 heredes
1272 1285 1344 1362 mei
1361 1285 1490 1362 distem
1507 1286 1737 1362 donationem
1753 1285 1853 1362 dieis
1871 1289 2048 1364 canonicis

536 1433 572 1494 et
589 1443 712 1493 eorum
729 1417 975 1496 suecessoribus
992 1433 1116 1495 contra
1132 1445 1255 1494 omnes
1275 1417 1437 1494 homines
1453 1432 1490 1494 et
1506 1417 1655 1494 seminas
1670 1418 1709 1492 in
1725 1433 1938 1520 perpetuum
1954 1446 2048 1494 war-

535 1549 787 1625 rantizebimus
812 1563 849 1626 et
872 1549 1102 1626 defendemus
1130 1593 1139 1610 ·
1175 1550 1221 1625 In
1246 1551 1350 1650 cujus
1374 1549 1427 1625 rei
1451 1549 1690 1626 testimonium
1715 1551 1856 1651 presens
1880 1549 2047 1652 seriptum

535 1680 634 1784 sigilli
657 1681 729 1756 mei
751 1681 970 1782 impressione
994 1681 1159 1757 roboreui
1185 1724 1195 1742 ·
1223 1681 1305 1756 Hiis
1325 1681 1473 1757 testibus
1493 1679 1658 1756 Johanne
1681 1681 1819 1782 Kokyn
1844 1721 1854 1741 ·
1880 1681 2046 1758 Johanne

534 1816 579 1892 de
592 1815 733 1892 Lobatil
751 1854 761 1877 ·
778 1817 804 1891 J
804 1817 943 1892 ohsnne
955 1815 1079 1891 Abbot
1096 1853 1106 1876 ·
1125 1812 1298 1891 Nieholoo
1311 1816 1356 1892 de
1371 1815 1581 1892 Soardbrow
1600 1859 1611 1876 ·
1627 1815 1807 1892 Willelmo
1824 1816 1869 1892 de
1881 1816 2044 1894 Dunde·

535 1947 682 2024 Andros
698 1947 818 2025 Teket
835 1989 845 2009 ·
864 1949 1023 2024 Henrieo
1040 1948 1085 2024 de
1102 1945 1258 2024 Bedsord
1277 1991 1286 2009 ·
1304 1947 1459 2024 Ricardo
1476 1949 1522 2024 de
1538 1947 1702 2025 Berewih
1718 1963 1755 2025 et
1772 1948 1892 2024 multis
1907 1949 1984 2024 aliis
2003 1993 2012 2009 ·

538 2321 657 2425 Care
674 2345 843 2422 willelmi
858 2344 921 2448 ouj
942 2343 1078 2448 nauyk
1095 2345 1140 2420 ee
1157 2359 1251 2421 erra
1268 2345 1313 2422 oe
1331 2345 1469 2422 renh-
1509 2461 1513 2468 Ι

468 2605 517 2677 40
537 2587 731 2689 Omnibus
758 2611 890 2690 cerni
915 2610 1080 2687 ereneus
1112 2609 1180 2685 noe
1212 2610 1380 2711 seriptum
1405 2609 1527 2684 erne
1553 2608 1608 2685 vn
1641 2611 1814 2686 auditne
1840 2609 2039 2690 willermus

533 2745 625 2820 filius
647 2744 809 2820 Hawoelr
828 2745 1008 2843 burgensis
1028 2743 1074 2818 de
1101 2741 1213 2817 Perth
1240 2739 1385 2816 salutem
1408 2756 1568 2816 eternam
1588 2742 1626 2815 in
1646 2742 1791 2818 domino
1817 2783 1827 2803 ·
1853 2743 2039 2820 Noueritis

533 2905 591 2953 me
617 2877 747 2953 dedisse
767 2891 803 2952 et
829 2875 1022 2952 oonoeffisse
1049 2888 1086 2951 et
1112 2875 1179 2950 hee
1205 2874 1358 2975 presenti
1381 2887 1479 2949 carta
1497 2899 1579 2949 meo
1599 2876 1817 2951 confirmasse
1836 2904 1901 2978 pro
1922 2904 1979 2954 me
2002 2893 2039 2954 et

531 3009 720 3086 heredibus
752 3009 841 3085 meis
875 3010 912 3083 in
946 3023 1159 3110 perpetuum
1192 3007 1262 3083 deo
1293 3023 1331 3083 et
1363 3007 1467 3084 boote
1500 3008 1618 3091 marie
1651 3021 1689 3084 et
1721 3009 1838 3085 sandto
1879 3011 2038 3086 Johanni

449 3235 457 3252 ι
531 3143 686 3246 apostolo
727 3156 764 3218 et
798 3142 1009 3242 euangeliste
1043 3143 1089 3217 de
1126 3139 1244 3215 Insula
1279 3140 1466 3225 oeiffarum
1507 3154 1543 3216 et
1584 3141 1761 3218 canonicis
1797 3143 1929 3219 ibidem
1971 3146 2038 3222 deo

531 3278 762 3355 seruientibus
779 3292 817 3353 et
832 3277 870 3351 in
887 3289 1102 3379 perpetuum
1123 3275 1303 3351 seruitutis
1325 3274 1563 3377 proquodam
1582 3275 1720 3351 summo
1738 3278 1910 3378 peoouuie
1929 3306 2037 3379 quam

531 3410 618 3485 mihi
637 3436 703 3511 pre
724 3409 890 3484 monibus
910 3409 947 3481 in
968 3434 1047 3483 mee
1065 3434 1196 3509 magna
1215 3407 1415 3483 necessitate
1440 3407 1616 3483 dedenmt
1641 3422 1753 3483 totam
1773 3424 1905 3485 terrem
1930 3439 2038 3512 quem

532 3542 631 3619 tenui
653 3542 700 3617 de
721 3541 850 3616 abbate
872 3553 910 3616 et
932 3554 1112 3615 conuentu
1136 3539 1180 3613 de
1206 3536 1324 3613 Souna
1345 3538 1383 3612 in
1405 3537 1489 3612 villa
1508 3538 1553 3613 de
1575 3538 1687 3613 Perth
1706 3539 1745 3612 in
1764 3539 1822 3615 via
1845 3541 1977 3617 boreali
2000 3559 2037 3621 et

531 3688 647 3752 totum
666 3676 727 3776 jus
747 3674 844 3773 quod
863 3674 976 3749 hsbeo
992 3686 1029 3748 et
1045 3671 1142 3772 quod
1157 3648 1298 3747 mihist
1314 3670 1505 3747 heredibus
1521 3670 1609 3747 meis
1626 3686 1827 3773 competere
1846 3676 1979 3774 poterit
1999 3677 2037 3751 in

530 3807 691 3883 futurum
707 3806 745 3880 in
762 3820 856 3882 terra
871 3804 1028 3906 predidto
1046 3846 1055 3864 ·
1073 3802 1282 3878 Tenendum
1301 3814 1337 3877 et
1352 3801 1553 3877 habendam
1569 3802 1649 3904 ipsis
1666 3802 1844 3879 canonicis
1861 3804 1907 3881 de
1920 3806 2038 3883 Insula

530 3942 714 4025 (liiffnrum
739 3955 776 4015 et
804 3962 927 4013 eorum
960 3934 1205 4011 suooefl‘oribus
1231 3934 1269 4007 in
1297 3948 1512 4035 perpetuum
1535 3932 1646 4008 libere
1673 3934 1791 4033 quiete
1816 3934 1974 4036 plenarie
2000 3956 2037 4015 et

530 4072 724 4147 honorifice
749 4109 759 4129 ·
786 4067 987 4144 Reddendo
1006 4066 1090 4141 inde
1117 4066 1301 4139 annuatim
1322 4066 1402 4167 ipsrs
1424 4064 1545 4140 abbati
1567 4079 1604 4141 et
1628 4066 1822 4141 conuentui
1846 4068 1892 4142 de
1919 4068 2036 4147 Scona

530 4208 668 4279 firmum
689 4228 796 4303 quam
816 4228 884 4302 ego
904 4201 956 4277 eis
977 4199 1109 4276 soluere
1131 4198 1298 4275 oonsueui
1324 4241 1333 4259 ·
1359 4198 1522 4275 videlieet
1545 4199 1702 4299 quinque
1731 4199 1856 4276 solidos
1875 4202 1923 4276 od
1945 4204 2035 4279 duos

529 4340 613 4414 enni
639 4336 807 4413 terminos
831 4334 1057 4409 medietatem
1082 4332 1210 4409 seilicet
1235 4331 1283 4406 od
1306 4331 1527 4433 pentioosten
1549 4346 1587 4407 et
1608 4330 1715 4406 ulium
1738 4333 1966 4411 medietatem
1987 4338 2035 4412 ad

528 4472 654 4546 festum
687 4466 793 4543 saneti
825 4465 976 4549 martini
1005 4464 1043 4538 in
1076 4468 1181 4565 yeme
1213 4486 1279 4565 pro
1305 4462 1403 4537 omni
1427 4462 1572 4538 seruicio
1604 4462 1750 4538 seculari
1782 4466 2034 4546 consuetudine

530 4602 710 4679 exadtione
726 4612 763 4675 et
778 4598 955 4674 demanda
973 4638 982 4655 ·
998 4594 1093 4671 saluo
1109 4595 1254 4671 seruitio
1271 4595 1406 4671 domini
1422 4594 1534 4696 Regis
1556 4636 1566 4656 ·
1588 4596 1634 4670 In
1652 4598 1754 4698 cnjus
1770 4598 1822 4672 rei
1838 4600 2034 4676 testimoni-

528 4762 591 4815 um
607 4734 690 4809 huie
706 4733 833 4835 scripto
849 4730 996 4833 sigillum
1014 4754 1133 4805 meum
1151 4728 1294 4831 apposui
1312 4768 1322 4789 ·
1341 4727 1423 4804 Hiis
1439 4728 1586 4805 testibus
1603 4729 1781 4808 Willelmo
1798 4734 1844 4809 de
1866 4733 2003 4813 Dunde
2021 4777 2031 4798 ·
