5734 6700
756 737 802 806 12
1332 725 1693 804 REGISTRUM

753 977 790 1039 et
817 962 855 1036 in
881 975 1096 1064 perpetuum
1120 960 1301 1036 seruitutis
1326 975 1442 1036 totam
1466 959 1643 1035 decimam
1666 959 1830 1037 redditus
1854 961 1963 1037 neiiri
1984 961 2032 1037 de
2054 960 2268 1037 Ouehtirar-

753 1096 867 1171 douer
884 1095 1094 1172 Tenendum
1119 1093 1249 1170 eisdem
1271 1093 1452 1169 canonicis
1471 1093 1510 1166 in
1531 1092 1681 1169 liberam
1703 1119 1833 1196 puram
1851 1109 1890 1169 et
1909 1109 2121 1196 perpetum
2140 1092 2267 1170 elime-

754 1231 865 1304 finam
889 1227 1157 1330 percipiendum
1181 1226 1326 1328 (iugulis
1352 1227 1456 1301 annis
1481 1253 1547 1329 per
1573 1253 1703 1301 manus
1728 1227 1969 1303 firmariomm
1993 1242 2032 1303 et
2052 1226 2266 1304 balliuorum

753 1363 953 1438 nostrorum
973 1363 1018 1438 de
1040 1361 1320 1438 Ouehtirardore
1342 1401 1353 1420 ·
1379 1360 1544 1436 Testibue
1564 1360 1708 1438 Thema
1728 1361 1775 1438 de
1796 1360 2005 1463 Streuyilyn
2023 1361 2268 1438 eaneellauie·

757 1499 917 1575 Hearieo
947 1499 993 1575 de
1020 1496 1160 1600 Bayllol
1187 1497 1381 1572 camerario
1412 1539 1421 1556 ·
1449 1497 1610 1572 Roberto
1636 1496 1818 1599 apelleae
1848 1539 1858 1558 ·
1889 1496 2050 1574 Waltero
2077 1497 2226 1599 Oumyn
2256 1556 2267 1575 .

755 1630 923 1706 Johanne
951 1629 998 1704 de
1025 1629 1135 1729 Heia
1170 1667 1180 1688 ·
1218 1626 1414 1703 Willielmo
1446 1628 1493 1705 de
1521 1629 1740 1712 montliehet
1773 1671 1784 1690 ·
1818 1628 2013 1705 willielmo
2042 1630 2089 1705 de
2116 1629 2220 1704 Brun
2254 1670 2266 1691 ·

757 1762 918 1838 Waltero
935 1762 1059 1863 Bysett
1076 1801 1086 1822 ·
1113 1759 1228 1835 Adurl
1244 1758 1366 1861 Oluny
1383 1761 1489 1836 tertio
1506 1762 1647 1838 decimo
1664 1763 1724 1839 die
1739 1763 1897 1865 Augusti
1913 1763 2025 1838 Anno
2039 1764 2143 1865 regui
2157 1765 2267 1839 nestri

757 1897 976 1972 undecimo·

760 2281 832 2382 De
849 2308 1001 2390 marefio
1019 2347 1029 2367 ·

715 2547 952 2658 evenere
976 2575 1094 2650 enee
1116 2573 1238 2658 uates
1263 2574 1405 2650 ecclesie
1428 2572 1513 2648 aue
1538 2587 1576 2648 e
1597 2573 1765 2649 euenum
1787 2577 1930 2676 presens
1951 2576 2121 2679 saeptum
2144 2577 2265 2653 visure

754 2706 810 2782 vel
833 2707 1009 2783 audituris
1030 2707 1218 2784 Gilbertus
1241 2733 1361 2784 eomes
1378 2707 1424 2783 de
1443 2706 1660 2808 Stratheryn
1680 2721 1841 2782 eternam
1855 2708 1898 2782 in
1913 2708 2074 2785 Domino
2090 2707 2265 2786 salutem·

758 2839 913 2916 Nouerit
935 2840 1144 2917 vniuerfitaa
1160 2841 1277 2916 vestra
1296 2866 1356 2917 me
1379 2839 1512 2916 dedisse
1534 2853 1571 2914 et
1592 2839 1789 2916 eeneeffiffe
1809 2855 1846 2916 et
1867 2840 1936 2916 hae
1957 2857 2057 2917 carta
2075 2867 2158 2917 mea
2178 2868 2265 2918 een-

756 2975 906 3050 firmafl'e
923 2973 1006 3050 Deo
1027 2989 1064 3049 et
1086 2973 1216 3050 San&
1236 2972 1355 3053 marie
1375 2988 1412 3049 et
1428 2975 1536 3050 beato
1553 2973 1714 3049 Jehanni
1732 2973 1779 3049 de
1800 2973 2008 3077 Inahaffryn
2028 2991 2065 3052 et
2085 2977 2266 3051 canonicis

757 3108 979 3184 ibidemDeo
992 3108 1226 3184 semientssaus
1238 3122 1276 3184 et
1288 3108 1469 3184 seniitnria
1476 3121 1621 3184 tantum
1633 3107 1799 3192 maneeie
1811 3109 2010 3209 adjacentis
2018 3112 2267 3213 prenominate

687 3257 688 3260 ’
756 3240 870 3316 insule
891 3241 930 3316 in
950 3267 1034 3344 cyro
1051 3243 1096 3318 de
1119 3241 1250 3318 Fowlie
1267 3255 1445 3343 quantum
1460 3239 1633 3316 vallatum
1655 3257 1732 3318 erat
1748 3242 1833 3318 foffa
1849 3243 1977 3319 eedem
1997 3270 2180 3345 annoque
2199 3245 2266 3322 hec

757 3394 854 3453 eante
879 3380 1068 3481 eompoiita
1090 3377 1159 3453 fuit
1180 3376 1314 3453 scilieet
1336 3404 1431 3453 anno
1453 3378 1499 3453 ab
1523 3376 1769 3454 incarnatione
1793 3378 1930 3453 domini
1953 3378 2131 3462 ‹eillefimo
2156 3389 2264 3456 cem·

757 3522 797 3587 x⁰
812 3512 890 3615 viij⁰
913 3553 922 3573 ·
950 3512 1164 3589 Tenendum
1184 3512 1246 3587 fibi
1267 3528 1304 3587 et
1323 3511 1572 3588 sueceffonuue
1593 3510 1664 3585 snie
1684 3510 1730 3585 de
1750 3536 1810 3585 me
1834 3526 1872 3586 et
1894 3510 2087 3587 heredibus
2111 3514 2201 3589 meis
2225 3515 2265 3589 in

756 3672 885 3749 puram
910 3661 947 3723 et
974 3662 1187 3749 perpetuam
1213 3646 1438 3723 elemosinam
1461 3644 1572 3720 libere
1601 3644 1721 3745 quiete
1749 3643 1906 3744 plenarie
1934 3658 1972 3720 et
2000 3644 2193 3723 honorifice
2219 3650 2265 3725 ab

758 3782 857 3859 omni
879 3779 1024 3859 seculari
1044 3780 1190 3857 seruieie
1212 3793 1250 3856 et
1269 3780 1461 3857 exaccione
1489 3821 1497 3838 ·
1524 3776 1691 3853 Testibue
1715 3776 1784 3851 hiie
1809 3777 1994 3854 Abbraam
2018 3780 2266 3859 Dunblauenfi

757 3917 925 4019 episcopo
943 3956 953 3977 ·
976 3916 1137 3993 Roberto
1160 3914 1329 4017 Fergusso
1349 3912 1489 3997 &elifio
1505 3911 1672 3989 Gilberto
1687 3909 1771 4014 filije
1787 3912 1880 3988 meie
1898 3954 1908 3973 ·
1929 3911 2067 3997 oealifio
2084 3915 2266 3991 senescallo

757 4078 837 4128 meo
863 4092 873 4113 ·
899 4050 1021 4127 Brieie
1041 4048 1190 4147 persona
1213 4048 1259 4125 de
1280 4047 1371 4125 Oref
1390 4087 1399 4107 ·
1424 4046 1606 4122 Duncano
1622 4044 1697 4120 filie
1713 4043 1851 4146 malisij
1871 4086 1881 4108 ·
1904 4046 2064 4123 Henrieo
2082 4048 2266 4125 Rennario

757 4210 837 4263 meo
857 4228 865 4247 ·
882 4182 1065 4260 Willelmo
1082 4180 1211 4259 clerieo
1228 4206 1308 4258 meo
1326 4220 1336 4243 ·
1354 4180 1527 4256 Tristram
1543 4178 1618 4256 filio
1636 4178 1808 4255 Tristem
1824 4194 1863 4257 et
1878 4178 2001 4258 multis
2017 4181 2094 4257 aliis
2112 4226 2121 4243 ·
