5734 6700
1056 765 1135 842 DE
1161 761 1563 843 INOHAFFERY.

558 1106 682 1209 Carta
698 1131 743 1208 de
761 1129 927 1231 Gilmory
944 1125 1207 1230 mugillanus
1224 1127 1325 1202 seruo
1342 1163 1352 1184 ·

486 1393 535 1473 57
556 1370 751 1475 Omnibus
773 1395 842 1470 hoo
858 1393 1030 1496 seriptum
1045 1391 1169 1468 visuris
1187 1389 1247 1466 vel
1266 1388 1443 1466 audituris
1463 1389 1622 1474 &inlisus
1639 1415 1758 1466 eomes
1777 1391 1823 1466 de
1842 1388 2060 1490 Stratheryn

552 1545 715 1608 eternam
730 1528 770 1603 in
787 1527 933 1603 domino
947 1525 1095 1602 salutem
1112 1563 1122 1584 ·
1140 1521 1299 1598 Nouerit
1314 1521 1522 1598 vnuorfitas
1538 1523 1653 1599 vestra
1669 1550 1735 1598 nos
1751 1523 1910 1600 caritatis
1926 1520 2059 1597 iutuitu

552 1678 589 1740 et
614 1687 682 1764 pro
706 1659 817 1736 salute
841 1657 959 1734 anime
984 1658 1102 1733 nostre
1128 1669 1165 1732 et
1188 1653 1392 1729 animarum
1419 1655 1676 1730 antecefforum
1701 1657 1903 1731 nostrorum
1930 1651 2059 1729 dedisse

552 1791 744 1870 eonoeffifi'e
765 1804 802 1868 et
821 1791 889 1866 heo
911 1790 1065 1894 presenti
1089 1803 1189 1866 carta
1211 1789 1328 1864 nostra
1350 1787 1569 1862 confirmasse
1592 1814 1658 1889 pro
1685 1787 1786 1863 nobis
1809 1801 1846 1864 et
1867 1785 2059 1863 heredibus

551 1927 679 2004 nostris
703 1924 786 2001 Deo
811 1939 849 2001 et
873 1923 1013 2002 eoelesre
1032 1923 1138 1999 sandti
1162 1921 1339 1998 Johannis
1364 1918 1580 2020 euangelista
1604 1919 1649 1995 de
1669 1919 1788 1996 Insula
1810 1920 1997 2005 sslissmum
2022 1932 2059 1994 et

551 2058 729 2136 eanonieis
754 2057 888 2134 ibidem
913 2055 996 2132 Deo
1025 2054 1260 2132 seruientibus
1288 2066 1325 2129 et
1352 2052 1389 2126 in
1418 2037 1633 2153 perpetuum
1657 2053 1839 2128 seruituris
1868 2053 1906 2126 in
1930 2077 2060 2154 puram

552 2207 589 2268 et
614 2205 828 2293 perpetuam
855 2188 1077 2266 elemosinam
1108 2186 1275 2286 Gilmorj‘r
1304 2183 1492 2261 Gillendee
1518 2185 1660 2259 seruum
1686 2185 1847 2260 nostrum
1874 2212 1956 2261 oum
1982 2199 2059 2262 tota

550 2317 688 2420 sequela
711 2319 832 2394 suaet
859 2344 924 2393 nos
949 2333 985 2393 et
1007 2317 1158 2394 heredes
1183 2315 1293 2391 nostri
1319 2314 1453 2392 dissum
1480 2314 1645 2417 Gilmory
1668 2314 1853 2392 Gillendes
1875 2330 1916 2390 vt
1936 2317 2059 2417 supra·

552 2453 686 2527 dissum
720 2453 769 2527 est
802 2451 904 2528 dietis
937 2451 1077 2528 ecclesie
1110 2465 1147 2526 et
1180 2449 1360 2525 canonicis
1394 2448 1728 2524 warrantizsbimus
1757 2449 2009 2550 inperpetuum
2047 2489 2057 2508 ·

553 2584 600 2658 In
617 2584 719 2684 eujus
735 2583 790 2658 rei
805 2582 1043 2658 testimonium
1058 2580 1210 2682 sigillum
1226 2582 1386 2655 nostrum
1402 2580 1558 2681 presenti
1570 2593 1667 2656 earte
1679 2581 1796 2656 nostre
1808 2581 2034 2681 apposuimus
2049 2623 2057 2639 ·

553 2715 637 2817 Hijs
654 2713 800 2792 testibus
816 2713 961 2790 domino
977 2711 1116 2796 molisio
1131 2711 1205 2788 filio
1220 2710 1358 2787 eomitis
1380 2752 1390 2770 ·
1407 2710 1433 2786 J
1433 2709 1600 2785 ohaehim
1616 2711 1662 2786 de
1681 2711 1843 2813 Kynbulr
1859 2710 2029 2794 militibus
2048 2754 2057 2770 ·

554 2843 719 2920 Gilberto
734 2843 844 2920 butro
861 2843 999 2920 comitis
1022 2883 1033 2904 ·
1057 2840 1385 2920 Nioholaorebtore
1401 2842 1544 2920 eoeleste
1560 2845 1606 2921 de
1624 2844 1744 2922 Oreffe
1760 2859 1848 2920 tuno
1864 2846 2059 2921 camerario

553 2977 691 3054 eomitis
710 3021 719 3039 ·
736 2977 856 3053 Alano
871 2975 1062 3061 mariscallo
1080 3019 1089 3038 ·
1107 2976 1258 3079 Louryn
1274 2977 1367 3061 oeak
1385 2975 1522 3054 Gilsers
1533 2991 1570 3053 et
1584 2977 1708 3054 multis
1724 2977 1803 3054 aliis
1821 3022 1830 3038 ·
1848 2979 2058 3082 Datsepud

554 3111 739 3196 Kenmore
761 3109 819 3186 die
842 3107 1126 3186 annunciationis
1148 3108 1252 3184 beate
1276 3108 1394 3194 alaris
1410 3108 1557 3210 virginis
1581 3136 1676 3188 anno
1692 3110 1868 3187 dominioe
1889 3110 2056 3187 ineorna·

553 3242 661 3320 tionis
677 3239 992 3327 ‹oilleslmoee¹¹¹⁰l⁰
1009 3253 1164 3316 oetauo·
1798 3241 1801 3245 ’

554 3614 679 3717 Carta
694 3640 869 3718 lobannis
887 3638 1066 3715 Sturnos·

484 3908 533 3981 58
552 3877 745 3982 Omnibus
763 3903 833 3980 hoo
851 3901 1022 4003 scriptum
1041 3900 1165 3977 visuris
1184 3899 1242 3977 vel
1257 3902 1433 3979 audituris
1449 3900 1608 3987 mulidus
1630 3929 1749 3980 eomes
1769 3904 1815 3979 de
1840 3902 2055 4005 Strstheryn

550 4034 696 4112 salutern
712 4047 873 4111 eternam
888 4034 926 4109 in
943 4033 1088 4109 domino
1115 4075 1124 4092 ·
1149 4032 1308 4110 Nouerit
1319 4034 1526 4109 rniuerstss
1542 4035 1658 4110 vestra
1672 4062 1731 4109 me
1747 4034 1905 4111 osritatis
1921 4034 2056 4111 intuitu

551 4192 615 4268 pro
639 4164 749 4242 salute
773 4166 891 4241 anime
919 4190 998 4241 mee
1023 4179 1060 4240 et
1084 4164 1339 4239 anteoessorum
1364 4178 1402 4241 et
1425 4166 1655 4241 suooessorum
1678 4192 1841 4242 meorum
1864 4167 1995 4244 dedisse
2019 4181 2057 4242 et

550 4299 741 4377 ooneeffisl'e
763 4312 800 4375 et
821 4298 890 4373 hae
913 4311 1011 4373 esna
1031 4322 1113 4373 mea
1134 4296 1459 4396 quietumelamaffe
1481 4298 1528 4375 de
1552 4325 1611 4374 me
1631 4313 1669 4375 et
1689 4298 1881 4375 heredibus
1902 4300 1992 4375 meio
2017 4302 2056 4375 in

549 4444 763 4532 perpetuum
796 4428 879 4505 Deo
904 4443 941 4505 et
964 4430 1069 4505 beato
1102 4428 1261 4504 Johanni
1294 4428 1449 4529 apostolo
1481 4445 1519 4505 et
1552 4429 1766 4532 euangelista
1795 4444 1832 4505 et
1864 4430 1985 4506 abbati
2018 4446 2056 4507 et

549 4561 744 4639 conuentui
760 4561 806 4636 de
824 4558 942 4635 Insula
953 4560 1141 4643 missarum
1152 4560 1190 4634 in
1202 4585 1331 4660 puram
1343 4575 1380 4637 et
1393 4575 1605 4663 perpetuam
1616 4560 1837 4638 elemosinam
1852 4563 2054 4640 Johannem

549 4696 681 4773 dissum
694 4694 842 4770 Staures
851 4692 964 4767 filium
975 4692 1115 4769 Thome
1124 4690 1187 4793 filij
1200 4693 1322 4769 Thore
1334 4720 1417 4769 oum
1433 4708 1510 4770 tota
1525 4693 1664 4795 sequela
1678 4695 1739 4771 sus
1753 4738 1762 4756 ·
1775 4696 1932 4773 ooneedo
1943 4698 2053 4773 etiarn

548 4854 616 4929 pro
634 4854 693 4905 me
709 4840 747 4903 et
761 4824 954 4903 heredibus
970 4824 1058 4901 meis
1075 4824 1113 4901 in
1129 4840 1344 4925 perpetuum
1368 4825 1449 4925 ipsis
1464 4827 1585 4904 abbati
1605 4842 1643 4904 et
1659 4829 1855 4905 conuentus
1871 4855 1976 4906 omne
1991 4831 2054 4930 jus

1726 4986 1753 5035 s
