5734 6700
1073 767 1151 844 DE
1183 766 1588 846 INOHAFFERY.

571 1107 646 1209 De
663 1131 776 1208 orosto
794 1132 840 1210 de
857 1133 889 1207 F
889 1133 990 1210 owlis
1010 1177 1018 1194 ·

504 1408 550 1480 18
572 1369 770 1474 Gilberrus
795 1424 913 1474 eomes
936 1399 982 1477 de
1009 1399 1221 1500 Stratheryn
1242 1401 1407 1476 omnibus
1428 1399 1632 1475 hominibus
1655 1398 1723 1474 suis
1739 1397 1862 1473 amieis
1884 1396 2020 1474 clericis
2040 1410 2078 1471 et

567 1529 664 1607 laieis
681 1530 828 1608 sulutem
846 1532 971 1610 Sciant
988 1548 1062 1610 tam
1077 1535 1255 1635 presentes
1271 1561 1379 1635 quum
1400 1533 1513 1609 futuri
1535 1560 1595 1608 me
1618 1532 1747 1608 dedisse
1768 1546 1805 1607 et
1826 1531 2020 1606 eonceffiffe
2042 1545 2079 1606 et

567 1664 634 1740 hac
651 1681 749 1741 carta
764 1692 845 1742 mea
862 1668 1080 1744 confirmasse
1096 1667 1165 1743 deo
1190 1679 1227 1743 et
1248 1668 1363 1744 santio
1386 1667 1545 1744 Johanni
1563 1665 1718 1768 apostolo
1739 1666 1785 1740 de
1810 1663 1930 1740 Insula
1955 1663 2079 1748 missa-

567 1825 648 1872 rum
675 1813 712 1874 et
738 1799 907 1876 fratribus
935 1800 1069 1878 ibidem
1096 1801 1163 1876 deo
1190 1800 1426 1877 sentientibus
1460 1799 1528 1875 tria
1547 1802 1676 1902 jugera
1708 1813 1801 1874 terre
1826 1796 2081 1898 propinquiora

564 1933 671 2030 juxta
695 1932 860 2034 stagnum
886 1933 982 2034 quod
1009 1934 1109 2010 venit
1139 1933 1184 2009 de
1213 1933 1370 2035 predidla
1398 1933 1510 2009 insula
1531 1933 1629 2034 apud
1653 1931 1784 2007 Fowlis
1808 1931 1846 2006 in
1872 1943 2081 2031 perpetuam

569 2065 792 2143 elemosinam
808 2067 918 2144 libere
936 2082 972 2144 et
995 2069 1113 2168 quiete
1130 2067 1192 2144 fibi
1214 2069 1381 2144 habenda
1396 2070 1443 2143 ab
1459 2067 1559 2143 omni
1580 2066 1723 2168 penitus
1742 2064 1956 2167 subjeeione
1977 2077 2015 2139 et
2034 2064 2079 2137 ab

568 2201 668 2278 omni
700 2202 816 2280 seruili
849 2202 1103 2278 consuetudine
1137 2217 1173 2277 et
1205 2201 1349 2277 seculari
1382 2201 1562 2278 seruieio·
1593 2200 1718 2290 Quare
1744 2198 1823 2274 volo
1853 2213 1890 2274 et
1922 2197 2080 2297 precipio

569 2333 737 2436 quatinus
749 2336 928 2437 predictus
947 2336 1098 2412 Sanetus
1115 2351 1152 2413 et
1168 2335 1294 2412 fratres
1310 2337 1349 2410 in
1369 2335 1526 2438 prodisse
1544 2334 1656 2410 insula
1671 2335 1740 2410 deo
1756 2309 2081 2409 ministrantes-ia

568 2467 818 2570 prenominata
845 2471 975 2571 jugera
1003 2470 1094 2545 adeo
1119 2468 1230 2544 libere
1260 2483 1296 2546 et
1325 2469 1445 2570 quiete
1471 2467 1691 2544 habeantet
1717 2479 1864 2542 teneant
1896 2466 1983 2540 sicut
2010 2461 2081 2538 vlla

569 2594 756 2672 elemosina
771 2597 810 2672 in
827 2611 903 2674 tota
920 2612 1013 2674 terra
1038 2597 1158 2675 Scotie
1181 2599 1327 2675 liberius
1349 2615 1386 2676 et
1407 2598 1562 2700 quietius
1579 2614 1723 2675 tenetur
1742 2613 1779 2674 et
1797 2598 1951 2673 habetur
1976 2638 1987 2659 ·
2014 2594 2080 2669 Hii

569 2729 651 2804 sunt
666 2730 772 2806 telles
798 2773 807 2790 ·
835 2730 962 2806 Simon
980 2731 1163 2834 episeopus
1180 2731 1445 2808 Dunblanensie
1469 2774 1479 2795 ·
1505 2730 1669 2817 matildis
1685 2731 1855 2808 eomitissa
1872 2730 1918 2806 de
1935 2728 2080 2805 Strath-

569 2867 661 2964 erin
696 2903 706 2924 ·
742 2862 928 2942 Gilbertus
953 2864 1048 2940 filius
1075 2865 1214 2940 comitis
1244 2864 1401 2943 Gilberti
1437 2909 1447 2926 ·
1482 2864 1710 2942 Gilleneuam
1735 2863 1873 2966 dapifer
1903 2861 2043 2939 comitis
2071 2903 2079 2921 ·

569 2991 749 3070 Ricardus
766 2995 968 3097 capellanus
986 2999 1128 3090 comitis
1146 3041 1156 3061 ·
1175 2999 1357 3075 lohannes
1375 2997 1522 3074 clericus
1538 2997 1677 3074 comitis
1696 3040 1705 3058 ·

574 3368 695 3471 Carra
711 3394 821 3471 Bricii
837 3396 883 3471 de
900 3396 1115 3473 Ardroll'ane
1131 3397 1178 3473 de
1195 3439 1204 3459 ·
1223 3397 1284 3471 xvi
1303 3442 1311 3459 ·
1329 3400 1418 3473 acris
1439 3442 1447 3459 ·

509 3634 769 3739 nomnibus
803 3660 935 3739 ouini
969 3662 1133 3739 recubus
1167 3666 1232 3741 sae
1264 3667 1385 3743 nem
1421 3668 1543 3743 visura
1578 3667 1638 3743 uel
1666 3667 1841 3743 sanare
1869 3666 2008 3741 ericius
2036 3666 2082 3741 ee

571 3794 786 3870 Ardroffane
808 3809 967 3871 eternam
992 3796 1031 3871 in
1056 3798 1203 3874 domino
1228 3795 1375 3876 salutem
1395 3799 1554 3875 Nouerit
1573 3800 1780 3875 vniuerttas
1803 3799 1915 3874 vestra
1936 3824 1995 3873 me
2017 3822 2083 3897 pro

571 3912 680 4003 salute
705 3928 823 4005 anime
848 3956 928 4005 mee
953 3942 991 4006 et
1013 3930 1150 4006 domini
1175 3932 1245 4008 mei
1268 3932 1397 4013 oselini
1425 3934 1520 4007 bone
1542 3932 1713 4008 memorie
1738 3930 1919 4032 quondam
1944 3928 2083 4005 comitis

573 4060 619 4136 de
644 4059 858 4161 Stratheryn
881 4075 918 4135 et
934 4063 1190 4139 antecessorum
1212 4090 1372 4140 meorum
1390 4077 1428 4138 et
1445 4063 1589 4138 suorum
1605 4062 1737 4139 dedisse
1754 4060 1947 4137 concessisse
1963 4076 2001 4136 et
2016 4059 2084 4134 hae

573 4191 726 4292 presenti
756 4208 853 4267 carta
879 4194 1096 4271 confirmasse
1124 4196 1161 4269 in
1188 4212 1401 4298 perpetuum
1434 4195 1504 4271 deo
1537 4209 1575 4271 et
1606 4195 1711 4270 beate
1743 4194 1861 4277 marie
1895 4202 1936 4269 et
1964 4195 2084 4269 saneto

575 4320 733 4397 Johnnni
765 4322 920 4421 apostolo
954 4340 991 4401 et
1021 4325 1233 4427 euangeliste
1266 4340 1304 4403 et
1328 4327 1451 4403 abbati
1472 4340 1510 4403 et
1532 4326 1726 4403 conuentus
1750 4326 1796 4401 do
1817 4324 1937 4401 Insula
1959 4323 2083 4408 missa-

574 4480 656 4529 rum
682 4470 861 4531 eteorum
884 4455 1130 4533 successoribus
1152 4456 1229 4533 illas
1253 4458 1429 4535 sexdecim
1454 4484 1554 4534 acras
1577 4472 1671 4534 terre
1700 4458 1788 4533 citas
1806 4460 1914 4559 juxta
1937 4472 2083 4560 pontem

575 4586 741 4664 abbathie
775 4612 820 4663 ex
852 4600 956 4688 parte
983 4587 1147 4665 orientali
1177 4588 1214 4665 in
1244 4615 1369 4692 eampo
1402 4590 1466 4691 qui
1498 4603 1645 4665 vocatur
1673 4588 1867 4692 Langflsth
1900 4616 1981 4665 eum
2015 4589 2084 4663 suis

575 4718 740 4795 omnibus
757 4718 983 4819 pertinentiis
1000 4734 1035 4795 et
1052 4721 1276 4822 ayslamentis
1292 4748 1380 4822 quae
1397 4720 1543 4823 quidem
1560 4720 1734 4798 sexdecim
1750 4748 1849 4799 aeras
1865 4736 1960 4799 terre
1972 4722 2085 4800 didus

575 4850 741 4927 dominus
757 4876 857 4927 meus
872 4851 1029 4935 melisius
1045 4854 1139 4929 bone
1155 4854 1323 4930 memorie
1350 4854 1529 4953 quondam
1552 4878 1671 4931 eomes
1690 4854 1736 4931 de
1760 4853 1974 4957 Stratlrerpn
1999 4856 2086 4932 mihi
