5734 6700
1050 767 1129 842 DE
1161 764 1567 842 INCHAFFERY.
2023 773 2071 848 19

558 997 690 1074 nentiis
718 997 788 1072 suis
818 997 1006 1100 italibere
1035 1012 1072 1074 et
1102 997 1225 1098 quiete
1255 997 1412 1098 plenario
1441 1013 1478 1073 et
1504 997 1699 1073 honorifice
1726 998 1814 1072 ficut
1842 1011 1940 1074 carte
1966 998 2073 1100 ipliuc

558 1131 700 1208 comitia
714 1132 765 1207 eis
776 1131 860 1206 inde
876 1129 971 1206 facte
982 1131 1154 1206 testantur
1170 1129 1266 1206 saluo
1283 1129 1428 1205 fornicio
1445 1156 1526 1206 meo
1543 1169 1554 1191 ·
1574 1131 1741 1206 Testibuo
1753 1128 1935 1206 Willelmo
1944 1131 2074 1208 abbate

556 1266 603 1341 de
621 1264 739 1341 Scona
758 1309 767 1324 ·
788 1263 966 1340 Willelmo
984 1266 1030 1341 de
1048 1264 1185 1340 Boscho
1202 1264 1411 1341 cancellario
1428 1290 1510 1340 meo
1537 1307 1546 1324 ·
1569 1263 1732 1340 Waltero
1748 1263 1821 1341 filio
1837 1264 1949 1339 Alani
1962 1266 2073 1342 senos·

556 1398 666 1476 callo·
685 1399 846 1476 Honrico
858 1401 905 1476 de
917 1398 1119 1502 Baylcyhef
1133 1444 1142 1460 ·
1161 1397 1323 1476 Waltero
1337 1401 1384 1475 de
1401 1399 1602 1474 Fontibus·
1621 1399 1782 1504 chrico
1799 1398 1845 1474 de
1864 1398 2074 1501 Streuyllim

556 1532 631 1610 filio
646 1534 788 1610 comitia
803 1534 926 1608 David
955 1577 964 1594 ·
995 1533 1163 1608 Johanno
1181 1534 1226 1608 de
1245 1533 1354 1634 Haya
1383 1573 1395 1594 ·
1416 1529 1579 1606 Waltero
1597 1531 1730 1608 Coruin
1761 1573 1771 1592 ·
1799 1531 2009 1608 Alexandro
2026 1534 2072 1610 de

559 1666 723 1744 Setona·
750 1665 931 1743 Willelmo
949 1667 995 1742 de
1013 1665 1205 1768 Lyndesay
1222 1665 1296 1740 filio
1314 1663 1465 1739 Walteri
1491 1663 1537 1738 de
1561 1663 1740 1766 Lindesay
1761 1709 1770 1726 ·
1796 1666 1894 1766 apud
1916 1665 2071 1742 Soonanr

556 1802 682 1901 quinto
699 1801 758 1878 dic
774 1802 937 1901 Januarij
958 1843 967 1862 ·

560 2177 961 2280 commanentes
980 2201 1131 2278 nocero
1150 2244 1159 2260 .

494 2469 538 2541 1⁰
559 2443 755 2547 Uniuerfis
784 2473 898 2546 sancto
928 2472 1057 2555 matris
1086 2469 1227 2546 ecclelia
1256 2468 1337 2544 filiis
1366 2468 1434 2544 hoc
1464 2469 1633 2571 scriptum
1662 2472 1784 2548 visuris
1812 2473 1869 2548 vel
1897 2475 2071 2550 audituris

556 2604 736 2680 Robcrtus
756 2603 849 2678 filius
872 2603 1029 2680 Gilborti
1052 2604 1189 2680 comitis
1210 2604 1255 2678 de
1280 2601 1499 2702 Strotbaryn
1516 2618 1677 2679 eternam
1699 2605 1738 2679 in
1758 2606 1903 2681 domino
1924 2605 2071 2682 salutem

554 2737 710 2814 Nouerit
732 2739 936 2813 rniuersrtaa
955 2739 1069 2812 vestra
1088 2763 1146 2812 me
1169 2734 1321 2812 fideliter
1340 2735 1529 2836 promiliffc
1551 2750 1589 2812 et
1608 2738 1780 2840 meipsum
1806 2739 1971 2840 obligabo
1987 2766 2072 2842 erga

554 2871 750 2972 dompnum
769 2872 1020 2948 Innocentium
1037 2872 1202 2946 abbatem
1221 2884 1257 2946 et
1274 2883 1491 2944 conuentum
1509 2869 1555 2944 dc
1572 2870 1691 2947 Insula
1707 2872 1884 2956 ‹niffarum
1900 2874 1973 2950 fide
1989 2901 2071 2951 mea

553 3005 758 3106 interpolita
773 3005 812 3078 in
828 3031 938 3080 manu
956 3003 1103 3104 dompni
1120 3001 1292 3078 Abbrahe
1309 3001 1463 3102 episcopi
1479 3000 1743 3080 Dunblanenfis
1756 3031 1874 3080 coram
1885 3005 1969 3081 viria
1979 2980 2071 3082 fide-

553 3139 670 3241 dignis
686 3137 817 3215 scilicet
835 3137 999 3214 Gilbarto
1014 3136 1260 3213 archidiacono
1277 3133 1526 3211 Dunblanenfi
1642 3154 1679 3214 et
1697 3139 1851 3217 cristino
1866 3139 1975 3216 fratre
1992 3143 2069 3241 ejus

553 3271 733 3346 Duncano
760 3270 833 3346 filio
860 3271 943 3346 Ado
968 3255 1077 3355 milito
1102 3269 1148 3345 de
1173 3269 1255 3371 ffyff
1278 3266 1398 3353 rnilifio
1428 3267 1612 3345 senescallo
1637 3271 1683 3346 de
1711 3271 1926 3373 Stratheryn
1950 3271 2069 3350 Bricio

552 3408 699 3507 persona
717 3407 763 3481 de
791 3405 909 3483 Oreffe
933 3418 969 3480 et
1000 3402 1138 3487 malifio
1166 3400 1239 3477 filio
1267 3401 1346 3501 ejus
1368 3399 1547 3481 alakbcth
1568 3402 1697 3477 Jndice
1720 3418 1757 3478 ct
1786 3403 1906 3478 multis
1932 3403 2008 3480 aliia
2031 3406 2069 3481 in

553 3542 695 3619 ecclelia
723 3542 768 3617 do
790 3541 961 3643 Strogetb
984 3540 1079 3641 quod
1105 3562 1309 3638 nunoquam
1337 3536 1375 3609 in
1398 3550 1477 3612 tota
1495 3536 1568 3611 vita
1594 3561 1676 3609 mea
1698 3534 1877 3636 prefatum
1901 3538 2069 3615 abbatem

553 3675 608 3751 vol
619 3689 836 3751 conuentum
848 3673 975 3773 injusta
987 3673 1124 3748 rexabo
1137 3671 1256 3745 Immo
1268 3670 1359 3770 ipsos
1373 3683 1544 3768 tanquam
1558 3667 1691 3742 amicos
1703 3694 1802 3742 meos
1813 3668 2069 3769 specialiffimoa

554 3806 698 3910 diligam
715 3822 751 3883 et
768 3809 807 3882 in
824 3804 922 3881 omni
936 3803 1014 3893 loco
1032 3802 1213 3879 honorabo
1231 3814 1267 3876 et
1283 3800 1430 3875 domum
1448 3800 1644 3901 prodictam
1660 3797 1764 3873 saluis
1779 3802 1863 3898 juro
1880 3817 1917 3878 et
1932 3802 2068 3879 honore

554 3972 634 4021 meo
659 3970 724 4046 per
750 3941 929 4017 confilium
955 3939 1152 4014 amicorum
1176 3961 1338 4010 meorum
1368 3950 1543 4035 quantum
1570 3948 1697 4035 potero
1726 3936 1919 4010 accrescam
1948 3950 1986 4011 et
2014 3936 2067 4012 oio

554 4078 714 4155 ccclofiae
739 4078 784 4153 dc
803 4076 899 4151 Gatk
916 4074 1016 4149 etde
1033 4068 1204 4171 Strogeth
1224 4082 1261 4144 et
1281 4096 1405 4145 omnes
1422 4068 1510 4143 alias
1530 4067 1691 4143 eccleliaa
1716 4082 1828 4143 terrac
1848 4069 2068 4171 poffeffionco

553 4213 735 4289 libertates
755 4208 983 4286 rectitudines
1003 4204 1274 4283 consuetudines
1299 4205 1515 4305 ayfiamcnta
1536 4216 1573 4277 ct
1602 4201 1758 4276 decimas
1782 4202 2005 4279 omnimoda·
2030 4220 2068 4281 ct

555 4360 673 4422 cetera
697 4343 817 4420 omnia
842 4368 912 4442 que
940 4341 979 4416 in
1006 4340 1112 4415 cartis
1137 4336 1377 4439 prenominati
1407 4336 1546 4411 comitia
1569 4335 1706 4410 domini
1732 4349 1770 4412 et
1796 4338 2005 4437 patria'mei
2030 4355 2067 4416 et
2204 4316 2210 4323 i

555 4478 646 4553 meio
679 4474 906 4551 continentur
931 4474 1018 4547 ficut
1047 4471 1172 4547 eedem
1191 4483 1299 4558 ,carto
1326 4470 1499 4543 testantur
1525 4468 1680 4568 benigne
1709 4468 1907 4545 concedens
1936 4484 1974 4547 et
1999 4471 2067 4548 hac

556 4624 655 4688 carta
669 4636 751 4685 mea
767 4608 981 4683 confirmans
997 4606 1072 4680 eis·
1089 4604 1157 4678 hec
1169 4602 1291 4677 omnia
1303 4616 1426 4677 contra
1443 4626 1566 4676 omnes
1577 4600 1740 4677 hominos
1756 4603 2014 4679 warrantizabo
2030 4620 2068 4681 ot

556 4774 616 4825 eor
633 4744 753 4847 quiete
776 4757 812 4819 et
838 4740 984 4843 pacifice
1000 4740 1072 4838 ipfa
1091 4737 1293 4840 poffeffionc
1316 4750 1437 4811 tencre
1461 4735 1590 4811 faciam
1608 4774 1618 4795 ·
1637 4735 1805 4813 Pretorea
1820 4739 1845 4810 fi
1862 4734 1999 4838 aliquid
2015 4738 2067 4813 eia

554 4876 782 4956 latrocinium
797 4874 933 4950 furtum
950 4870 1079 4972 injuria
1093 4869 1149 4945 vel
1165 4868 1305 4943 vexatio
1322 4867 1442 4967 aliqua
1452 4866 1551 4942 illata
1567 4865 1675 4943 fuerit
1686 4868 1747 4967 jus
1760 4894 1884 4943 eorum
1896 4882 2065 4969 tanquam
