5734 6700
1081 771 1160 850 DE
1186 770 1589 852 INOHAFFERY.
2045 778 2093 857 79

584 1005 821 1084 testimonium
838 1031 1027 1081 commune
1047 1003 1195 1104 sff'llum
1214 1003 1362 1107 capituli
1384 1003 1524 1081 ecclesie
1547 1005 1663 1079 nostre
1678 1003 1765 1079 huic
1779 1003 1908 1105 scripto
1925 1006 2090 1106 apposui-

583 1168 664 1216 mus
683 1183 692 1201 ·
718 1139 824 1216 Teste
841 1137 996 1239 capitulo
1018 1179 1027 1198 ·
1053 1136 1153 1213 Data
1169 1138 1266 1240 apud
1282 1137 1460 1214 Dunlreld
1474 1163 1569 1213 anno
1584 1136 1698 1238 gratie
1714 1135 1892 1222 millesimo
1908 1148 1986 1214 cu¹¹¹⁰
2003 1149 2092 1214 1¹1⁰

583 1277 707 1352 ostano
725 1317 734 1334 ·
755 1285 882 1373 quarto
900 1297 1012 1348 nonas
1028 1271 1189 1370 Januarij
1211 1312 1220 1331 ·

584 1643 746 1746 Donum
771 1664 922 1743 Roberti
946 1664 1040 1766 regis
1069 1663 1116 1740 de
1139 1664 1223 1764 jure
1249 1679 1459 1780 potronatus
1487 1666 1628 1743 ecclesio
1655 1668 1702 1744 de
1729 1668 1865 1774 Kyllyn
1892 1672 1954 1746 sub
1980 1671 2088 1772 sigillo

581 1805 713 1879 secreto
731 1844 739 1862 ·

516 2076 566 2147 82
583 2040 781 2143 Robertus
806 2061 879 2140 Dei
894 2061 1009 2164 gratia
1023 2086 1088 2136 rex
1106 2059 1312 2138 Scottorum
1329 2062 1496 2137 omnibus
1510 2062 1852 2172 probis-bominibus
1868 2063 1978 2138 totius
1994 2079 2087 2140 terre

583 2200 642 2276 sue
659 2197 806 2272 salutem
830 2237 839 2256 ·
868 2193 998 2272 Sciatis
1019 2219 1084 2269 nos
1100 2193 1230 2268 dedisse
1252 2208 1289 2268 et
1309 2197 1502 2273 concellill'e
1525 2195 1608 2274 Deo
1631 2211 1669 2272 et
1688 2199 1793 2274 beate
1815 2197 1933 2280 &sarie
1958 2197 2086 2299 virgini

582 2346 619 2407 et
634 2333 739 2408 bcato
755 2327 781 2404 J
782 2327 915 2404 ohanni
927 2323 1082 2426 apostolo
1098 2339 1136 2400 et
1152 2323 1365 2424 euangeliste
1382 2341 1418 2402 et
1434 2326 1607 2428 religiosis
1616 2328 1702 2404 viris
1715 2329 1836 2404 abbati
1846 2343 1883 2405 et
1893 2331 2086 2404 concentui

582 2464 627 2538 de
655 2459 773 2536 Insula
799 2458 988 2542 missarum
1019 2456 1056 2530 iu
1085 2481 1214 2554 puram
1243 2467 1281 2531 et
1309 2471 1520 2556 perpetuam
1545 2458 1767 2534 elemosinam
1791 2463 1854 2559 jus
1877 2475 2086 2561 patronatus

581 2591 721 2669 ecclesie
751 2590 796 2664 de
830 2587 969 2689 Kyllyn
998 2587 1036 2660 in
1062 2583 1336 2687 Glendochyrth
1362 2613 1446 2662 cnm
1475 2589 1641 2664 omnibus
1667 2588 1890 2666 libertatibus
1914 2591 2086 2666 smstibus

582 2737 619 2800 et
634 2720 860 2823 pertinentijs
877 2717 1089 2795 omnimodis
1109 2716 1156 2792 ad
1172 2717 1302 2792 diuam
1318 2717 1494 2794 ecelesiam
1511 2719 1814 2820 qualitercumque
1825 2722 2086 2824 pertinentibus

582 2855 632 2930 ita
658 2867 779 2929 tamen
806 2850 904 2950 quod
932 2848 1017 2924 diei
1042 2849 1151 2924 abbas
1176 2861 1213 2922 et
1238 2862 1439 2925 conuentus
1463 2850 1502 2925 in
1525 2866 1742 2952 perpetuum
1766 2852 1951 2929 inuenient
1974 2881 2086 2928 vnum

581 2987 791 3064 canonicum
808 2983 932 3060 diuina
948 2981 1185 3058 celebrantem
1201 2982 1239 3056 in
1255 2981 1397 3058 ccclesia
1412 2983 1459 3059 de
1477 2983 1700 3060 Strathsnlan
1718 3026 1728 3046 ·
1747 2986 1792 3061 In
1802 2988 1904 3086 cujus
1919 2987 1973 3062 rei
1988 2987 2086 3063 testi-

580 3121 741 3197 monium
766 3117 986 3222 presentibus
1012 3115 1161 3219 sigillum
1185 3117 1343 3192 nostrum
1370 3117 1551 3216 priuatum
1575 3118 1723 3194 fecimus
1747 3120 1881 3221 apponi
1906 3160 1916 3180 ·
1946 3121 2086 3197 Datum

579 3255 677 3355 apud
694 3251 941 3331 Olakmonoue
958 3291 968 3310 ·
986 3251 1070 3351 xxvj
1090 3250 1176 3325 ·die
1192 3249 1377 3349 Februarii
1396 3277 1491 3326 anno
1507 3249 1608 3352 regni
1623 3251 1732 3326 nostri
1747 3251 1958 3329 duodecimo
1977 3297 1986 3313 ·

583 3628 706 3729 Carta
722 3653 873 3731 Roberti
889 3651 983 3755 regis
998 3652 1061 3727 sub
1076 3676 1207 3753 magno
1222 3648 1332 3751 figito
1349 3650 1395 3725 de
1412 3651 1555 3727 ecclesa
1570 3651 1616 3726 de
1634 3650 1770 3755 Kyllyn
1789 3694 1798 3713 ·

510 3939 560 4010 83
579 3891 777 3995 Robcrtus
795 3916 853 3993 dei
867 3916 983 4016 gratia
998 3940 1061 3991 rex
1080 3914 1286 3991 Scottorum
1302 3916 1470 3990 omnibus
1492 3916 1613 4017 probis
1635 3915 1842 3992 hominibus
1864 3918 1975 3994 totius
1991 3936 2084 3996 terre

576 4052 635 4127 sue
660 4065 735 4126 tam
764 4050 900 4127 clericis
925 4074 1034 4148 quam
1053 4046 1152 4123 laicis
1176 4046 1324 4123 salutem
1351 4087 1360 4106 ·
1390 4046 1519 4123 Sciatis
1540 4073 1608 4124 nos
1623 4074 1689 4147 pro
1705 4050 1814 4127 salute
1836 4052 1953 4127 anime
1969 4056 2084 4129 nostre

576 4196 612 4257 et
638 4208 704 4283 pro
729 4180 838 4257 salute
862 4180 1061 4255 animarum
1092 4178 1253 4253 omnium
1282 4179 1534 4254 antecofl'orum
1563 4194 1600 4255 et
1628 4180 1856 4257 suceessorum
1886 4186 2083 4259 nostrorum

575 4339 707 4415 negum
725 4312 844 4389 Scotie
861 4310 992 4386 dedisse
1007 4310 1198 4385 concessisse
1214 4323 1251 4385 et
1266 4308 1334 4384 hac
1349 4310 1504 4411 presenti
1519 4324 1617 4385 carta
1632 4315 1749 4389 nostra
1770 4316 1987 4391 confirmasse
1998 4315 2082 4392 Deo

575 4462 612 4523 et
628 4448 732 4522 beate
748 4444 864 4528 (llario
880 4442 1007 4543 virgini
1023 4456 1060 4517 et
1076 4442 1182 4517 beato
1201 4440 1360 4517 Johanni
1382 4441 1539 4543 apostolo
1559 4458 1597 4519 st
1618 4445 1832 4548 euangelista
1857 4462 1894 4524 et
1909 4448 2081 4550 religiosis

575 4580 658 4655 viris
686 4578 808 4654 abbati
835 4592 872 4653 et
897 4576 1090 4651 conuentui
1119 4575 1165 4649 de
1191 4574 1309 4650 Insula
1333 4574 1518 4655 &silianum
1539 4578 1602 4676 jue
1629 4592 1840 4679 patronatus
1868 4580 2009 4657 ecclesie
2033 4584 2079 4658 de

576 4713 713 4815 Kyllyn
742 4714 780 4787 in
806 4709 1022 4789 Glendorith
1047 4709 1263 4785 Tenendum
1287 4724 1325 4786 et
1348 4709 1555 4787 habendum
1579 4712 1679 4789 dieis
1703 4714 1869 4817 religiosis
1894 4730 1931 4792 et
1955 4744 2076 4793 corum

573 4846 819 4923 suocofforibus
836 4846 875 4921 in
892 4858 1103 4945 perpetuum
1120 4868 1201 4919 cum
1219 4844 1383 4919 omnibus
1399 4843 1622 4921 libertatibus
1638 4848 1949 4924 commoditatibus
1965 4854 2077 4950 sylla-
