5734 6700
1039 762 1118 836 DE
1150 761 1550 840 INCHAFFERY.
2006 765 2055 834 te

546 992 726 1096 capellano
746 1037 754 1054 ·
773 995 867 1071 Item
885 996 931 1071 do
949 1009 985 1071 et
1002 995 1157 1072 concedo
1169 998 1380 1098 potestatem
1390 995 1510 1071 abbati
1527 992 1573 1071 de
1584 993 1702 1068 Insula
1712 993 1896 1077 misarum
1909 991 1970 1093 qni
1986 1017 2054 1093 pro

546 1143 707 1228 tempore
724 1125 831 1203 suerit
852 1154 934 1202 cum
953 1126 1156 1230 capellanus
1173 1126 1298 1226 aliquis
1315 1127 1378 1228 qui
1393 1127 1527 1202 ibidem
1542 1124 1775 1202 celebrauerit
1792 1125 1914 1198 diuina
1929 1123 1966 1197 in
1983 1123 2057 1196 fata

547 1257 691 1333 discedit
707 1257 744 1332 iu
764 1258 920 1358 periculo
937 1259 1053 1334 anime
1070 1260 1129 1334 sue
1152 1258 1262 1333 alium
1282 1256 1505 1360 capellanum
1529 1259 1710 1359 ydoneum
1727 1255 1961 1332 constituendi
1976 1281 2056 1357 pre·

547 1389 639 1465 dicto
652 1387 729 1464 loco
739 1392 810 1466 line
820 1389 937 1492 aliqua
947 1390 1223 1466 contradictione
1232 1390 1305 1465 mei
1319 1389 1377 1465 vel
1389 1389 1564 1465 heredum
1573 1415 1760 1465 meorum·
1779 1387 1821 1463 Si
1833 1403 1954 1462 autem
1972 1413 2054 1462 con·

548 1521 662 1623 tingat
677 1549 736 1598 me
751 1522 808 1598 rel
823 1523 973 1599 heredes
991 1549 1090 1598 meos
1107 1521 1225 1622 aliquo
1243 1522 1323 1596 casu
1340 1522 1438 1621 quod
1461 1523 1548 1596 abiit
1569 1533 1694 1596 contra
1711 1519 1806 1594 hanc
1822 1519 2054 1594 donationem
2113 1579 2117 1586 .

548 1670 584 1729 et
612 1656 864 1730 concellionem
885 1654 1007 1730 venire
1034 1653 1163 1729 subicio
1188 1680 1247 1728 me
1272 1667 1308 1728 et
1332 1653 1484 1730 heredes
1512 1679 1611 1728 meos
1640 1652 1878 1727 interdidiioni
1902 1652 2056 1755 episcopi

550 1786 810 1862 Dunblanenfis
821 1787 882 1888 qui
897 1813 964 1888 pro
980 1799 1140 1887 tempore
1153 1785 1260 1860 fixerit
1277 1786 1492 1861 renuncians
1505 1786 1602 1861 omni
1613 1784 1842 1888 appellationi
1855 1786 2058 1888 exceptioni

549 1919 763 1996 oarrillatioui
786 1933 823 1996 et
845 1919 942 1994 omni
962 1919 1056 2021 juris
1078 1919 1236 1994 remedio
1259 1919 1419 1995 canonici
1444 1933 1481 1994 et
1506 1918 1619 1994 ciuilis
1643 1933 1682 1994 rt
1703 1919 1859 2021 ipseper
1883 1920 2056 1994 sensuram

550 2051 810 2129 ecclesiasticam
838 2051 886 2125 ad
913 2051 1110 2151 predictam
1144 2051 1372 2127 donationem
1399 2065 1436 2126 et
1469 2052 1722 2126 concellionem
1754 2050 1908 2127 fideliter
1934 2053 2056 2152 inper-

552 2200 701 2286 petuum
726 2182 952 2284 obligandam
975 2209 1034 2258 me
1060 2197 1097 2258 et
1121 2182 1271 2259 heredes
1297 2208 1395 2258 meos
1418 2184 1464 2258 de
1487 2183 1545 2258 die
1567 2183 1605 2257 in
1630 2183 1725 2258 diem
1750 2181 1941 2284 compellat
1968 2224 1977 2243 ·
2006 2183 2059 2258 Vt

552 2329 673 2390 autem
688 2314 754 2390 hec
770 2340 853 2390 mea
870 2313 1014 2389 donatio
1032 2326 1070 2390 et
1087 2315 1254 2390 concellio
1276 2328 1451 2416 perpetue
1472 2313 1651 2389 firmitatis
1666 2315 1778 2388 robur
1795 2315 1953 2389 obtineat
1974 2341 2059 2415 pre-

553 2449 629 2523 sens
644 2445 812 2547 scriptum
827 2443 928 2546 sigilli
944 2445 1016 2521 mei
1032 2445 1230 2520 munimine
1247 2447 1413 2522 roboraui
1432 2489 1441 2507 ·
1460 2447 1624 2522 Testibua
1640 2447 1785 2521 domino
1803 2485 1813 2505 ·
1833 2446 1869 2520 A
1896 2487 1906 2506 ·
1933 2447 2060 2522 abbate

554 2578 599 2654 de
624 2577 743 2652 Insula
758 2577 945 2661 missarum
972 2620 980 2636 ·
1007 2575 1151 2653 domino
1178 2577 1341 2662 Gilberto
1366 2579 1411 2653 de
1438 2578 1600 2654 Ruthsen
1626 2618 1636 2638 ·
1663 2577 1809 2660 malicie
1834 2576 1907 2653 lilio
1924 2578 2061 2653 comitis

552 2709 718 2794 <cilicibus
746 2753 754 2772 ·
781 2711 926 2786 domiuo
942 2709 1118 2786 Nicholao
1135 2712 1284 2812 persona
1299 2712 1345 2788 de
1363 2710 1470 2788 Crcse
1496 2753 1506 2772 ·
1533 2710 1714 2789 Willelmo
1737 2712 1782 2788 de
1797 2710 1957 2786 Rothfen
1974 2728 2060 2786 tunc

552 2845 746 2920 camerario
763 2871 844 2920 meo
861 2858 897 2920 et
913 2843 1047 2920 multiis
1064 2843 1142 2946 alija
1160 2886 1170 2903 ·

558 3215 804 3320 Confirmatio
826 3261 921 3320 terre
944 3243 1132 3328 &lukrand
1155 3259 1192 3320 et
1208 3245 1311 3320 vuius
1327 3272 1448 3322 marce
1464 3243 1647 3347 capellano
1663 3245 1857 3322 celebranti
1874 3247 1911 3320 in
1929 3245 2062 3322 elemo-

554 3376 680 3451 sinario
698 3418 708 3440 ·

490 3652 538 3722 53
558 3614 752 3719 Omnibus
770 3641 901 3720 Christi
920 3643 1084 3721 fidelibus
1102 3646 1150 3719 ad
1173 3670 1261 3745 quos
1282 3644 1384 3721 litere
1407 3648 1586 3748 presentes
1607 3646 1842 3747 peruenerint
1860 3645 2000 3721 Bricius
2018 3645 2063 3721 de

556 3774 771 3851 Ardrnsl’ane
784 3790 944 3851 eternam
956 3777 994 3850 in
1005 3776 1150 3852 domino
1166 3775 1315 3851 salutem
1333 3820 1342 3837 ·
1359 3776 1517 3853 Nouerit
1532 3778 1738 3853 vniuerlitas
1754 3779 1866 3853 vestra
1881 3803 1940 3852 me
1949 3792 2065 3853 ratam

556 3920 593 3982 et
609 3908 751 3982 firmam
773 3933 815 3982 ac
836 3906 995 3984 {labilem
1017 3921 1192 4008 quantum
1208 3908 1256 3981 ad
1273 3934 1330 3983 me
1347 3907 1504 4008 pertinet
1519 3907 1677 3985 habuisse
1693 3908 1917 3985 collationem
1930 3910 2063 3984 domini

557 4037 683 4139 atdifij
701 4040 795 4113 bone
811 4038 981 4113 memorie
998 4038 1176 4138 quondam
1195 4039 1332 4113 comitis
1350 4037 1395 4113 de
1414 4037 1632 4142 Stratheryn
1656 4042 1784 4117 ladam
1809 4040 1893 4116 Deo
1910 4055 1946 4116 et
1963 4042 2065 4115 beate

558 4167 676 4248 staria
699 4182 735 4243 et
757 4168 898 4244 cuidam
916 4168 1097 4270 capellano
1113 4169 1307 4245 celebranti
1323 4168 1447 4241 diuina
1465 4166 1503 4240 in
1523 4168 1762 4245 elemosinario
1779 4170 1825 4245 de
1842 4168 1962 4244 Insula
1977 4171 2065 4253 oeis-

559 4302 671 4375 sarum
690 4326 755 4401 pro
772 4300 958 4375 animabus
975 4300 1060 4376 dicti
1077 4302 1219 4377 comitis
1236 4315 1272 4377 et
1288 4302 1430 4376 suorum
1447 4300 1701 4375 antecessorum
1717 4318 1755 4375 et
1770 4327 1836 4399 pro
1850 4300 1972 4376 anima
1987 4328 2067 4376 mea

559 4447 596 4507 et
613 4431 773 4506 omnium
790 4429 952 4507 fidelium
969 4431 1216 4507 desuudlorum
1233 4432 1278 4507 de
1295 4444 1449 4531 quatuor
1466 4430 1595 4505 marcis
1607 4430 1856 4533 sterlingorum
1871 4433 2068 4535 percipien-

559 4562 615 4639 dis
637 4561 781 4663 {ingulis
806 4562 911 4637 annis
934 4562 980 4638 de
1002 4564 1107 4638 firma
1129 4578 1224 4641 terre
1246 4564 1292 4639 de
1315 4561 1515 4648 alukracht
1539 4562 1791 4664 inperpetuum
1817 4564 1855 4638 in
1878 4591 2008 4667 puram
2032 4581 2069 4641 et

559 4709 770 4796 perpetuam
799 4696 1023 4773 elemosinam
1045 4706 1153 4796 prout
1179 4697 1218 4770 iu
1246 4709 1343 4772 carta
1370 4695 1454 4771 dini
1481 4696 1619 4771 comitis
1643 4696 1727 4772 inde
1750 4698 1907 4773 confecta
1928 4698 2069 4799 plenius

559 4828 762 4903 continetur
778 4843 815 4904 et
831 4827 914 4928 quia
930 4828 1111 4929 predidlus
1128 4852 1247 4903 comes
1263 4843 1395 4902 terram
1409 4828 1457 4903 de
1475 4826 1612 4902 Tulach
1626 4854 1733 4928 qnam
1751 4829 1869 4905 eidem
1886 4830 2069 4931 capellano
