5734 6700
1058 754 1138 830 DE
1169 753 1577 833 INOHAFFERY.

563 1095 686 1197 Carta
703 1122 874 1199 Willelmi
890 1121 954 1198 filii
970 1121 1099 1207 utalifii
1117 1120 1163 1198 de
1180 1121 1283 1198 terris
1298 1119 1370 1196 fuis
1386 1120 1481 1196 iufra
1497 1119 1754 1198 Ochtirardore
1770 1135 1808 1198 et
1825 1135 1927 1198 extra
1945 1163 1954 1182 ·

491 1385 539 1466 37
562 1359 753 1464 Omnibus
782 1387 923 1489 presens
950 1387 1116 1489 seriptum
1143 1385 1265 1460 visuris
1294 1327 1352 1460 vel
1378 1383 1552 1461 audituris
1582 1385 1783 1463 Willelmus
1810 1387 1906 1463 filius
1939 1386 2069 1471 utatifii

555 1519 700 1594 salutem
726 1521 764 1596 in
789 1519 935 1597 domino
958 1533 1116 1596 eternam
1141 1517 1268 1594 Sciant
1289 1516 1469 1616 presentes
1490 1531 1528 1592 et
1550 1517 1662 1594 futiri
1683 1545 1742 1595 me
1762 1520 1887 1622 sponte
1908 1535 1946 1597 et
1967 1547 2066 1596 mere

554 1652 748 1728 eoueeffiffe
771 1652 901 1728 dedifl‘e
924 1665 960 1728 et
982 1652 1020 1726 in
1042 1664 1255 1752 perpetuum
1272 1649 1492 1726 confirmatio
1512 1649 1551 1724 in
1570 1675 1699 1752 puram
1716 1666 1753 1727 et
1767 1667 1977 1752 perpetuam
1994 1653 2068 1728 ele-

553 1787 721 1860 melinam
737 1811 803 1886 pro
819 1785 929 1860 salute
945 1785 1063 1860 anime
1080 1811 1158 1860 mee
1176 1784 1245 1858 deo
1260 1797 1297 1858 et
1313 1785 1417 1860 beate
1430 1783 1548 1867 merie
1564 1799 1602 1859 et
1617 1785 1722 1861 beato
1735 1786 1895 1861 Jobauni
1910 1786 2067 1888 apostolo

554 1915 766 2017 euangeliste
788 1917 834 1994 de
856 1917 977 1992 Insula
988 1916 1173 2000 millenum
1190 1942 1232 1990 ee
1249 1915 1426 1992 canonicis
1448 1916 1607 2017 ejusdem
1619 1917 1688 1994 loei
1710 1944 1835 1994 omnes
1857 1935 1895 1994 et
1916 1919 2068 2020 fingtdas

552 2048 743 2150 perticulae
756 2063 927 2124 terrarum
941 2074 998 2124 me
1015 2046 1309 2147 qualitercunque
1326 2048 1573 2148 contingentes
1590 2049 1684 2125 infra
1698 2049 1755 2125 vel
1769 2065 1873 2126 extra
1887 2051 2006 2126 villam
2023 2052 2068 2127 de

553 2181 787 2258 Oehtirardor
808 2206 873 2281 per
893 2205 1017 2256 omues
1041 2192 1153 2254 metas
1174 2193 1210 2254 et
1231 2178 1358 2255 diuisas
1375 2182 1554 2262 suaseum
1572 2181 1737 2258 omnibus
1754 2182 1980 2284 pertinentiis
1996 2185 2067 2257 suis

554 2316 601 2390 ad
623 2313 878 2390 inuenientium
900 2313 1100 2388 illuminare
1125 2337 1243 2388 eoram
1268 2313 1443 2414 ymagine·
1460 2315 1566 2390 beate
1593 2314 1710 2399 marie
1737 2316 1775 2390 in
1794 2317 1903 2391 choro
1926 2317 2067 2393 eeclefie

553 2449 709 2548 ejusdem
734 2446 803 2523 luel
821 2487 830 2506 ·
850 2446 952 2536 Quas
977 2443 1122 2544 quidem
1148 2457 1261 2520 terrae
1286 2471 1353 2546 ego
1380 2447 1451 2520 emi
1477 2447 1516 2520 in
1535 2463 1749 2548 perpetuum
1769 2474 1792 2524 a
1811 2448 1977 2525 Jebanue
1992 2450 2067 2524 filio

554 2578 687 2654 Baltini
698 2579 889 2656 Tenendae
901 2594 937 2654 et
949 2576 1554 2677 Habendasvtpredietumesteum
1565 2580 1729 2655 omuibus
1738 2580 1807 2654 suis
1813 2581 1954 2680 juribus
1963 2581 2067 2658 liber-

553 2713 687 2788 tatibus
703 2725 740 2788 et
756 2711 978 2814 ayfiementis
994 2753 1002 2770 ·
1020 2708 1115 2784 saluo
1132 2710 1307 2785 duntaxat
1318 2710 1465 2786 seruieio
1478 2711 1614 2787 domini
1626 2713 1733 2788 nostri
1749 2713 1860 2814 Regis
1879 2757 1887 2774 ·
1906 2715 1951 2789 ln
1965 2716 2067 2814 eujus

553 2844 604 2918 rei
622 2843 858 2919 testimonium
875 2840 960 2918 huie
980 2841 1108 2942 scripto
1131 2840 1280 2943 tigillum
1303 2867 1423 2918 meum
1445 2843 1594 2945 apposui
1616 2858 1653 2919 et
1675 2844 1722 2918 ad
1745 2845 1915 2942 majorem
1936 2846 2065 2922 securi-

553 2989 663 3050 tatem
691 2991 727 3051 et
752 2975 945 3076 pleniorem
973 2972 1190 3048 euidentiam
1215 2971 1363 3072 ligillum
1389 2999 1578 3048 commune
1600 2974 1705 3076 burgi
1730 2975 1775 3050 de
1810 2975 2067 3052 Ouehtirardor

552 3106 770 3208 presentibus
787 3105 921 3207 apponi
933 3103 1122 3205 procuraui
1139 3143 1150 3163 ·
1166 3103 1250 3177 Hiis
1263 3103 1407 3178 testibus
1425 3102 1603 3178 nobilibus
1614 3103 1698 3178 viris
1715 3104 1867 3180 dominis
1880 3106 2004 3182 Dauid
2022 3110 2067 3184 de

448 3229 463 3256 ’
553 3237 689 3314 Grame
706 3253 742 3312 et
756 3235 899 3311 Thomu
915 3236 960 3311 de
976 3234 1120 3309 ffaufide
1136 3233 1307 3308 militibus
1319 3234 1478 3311 Waltero
1491 3235 1536 3311 de
1547 3237 1713 3319 menania
1724 3237 1870 3312 domine
1882 3239 1928 3314 de
1941 3239 2063 3341 Tully·

550 3370 664 3471 bardy
683 3411 693 3428 ·
711 3368 735 3443 J
737 3367 877 3443 ohanne
894 3366 966 3441 filio
977 3365 1110 3466 judicis
1129 3408 1138 3425 ·
1165 3364 1284 3441 Bricio
1301 3367 1393 3441 bane
1412 3406 1421 3427 ·
1448 3367 1608 3445 Roberto
1624 3368 1697 3443 filio
1717 3368 1892 3445 lobannis
1911 3371 2062 3472 burgen·

549 3502 574 3575 li
592 3500 637 3576 de
655 3497 933 3575 Ouebtirardore
949 3536 960 3556 ·
978 3510 1015 3571 et
1029 3494 1192 3597 pluribus
1207 3495 1283 3571 aliis
1301 3537 1310 3557 ·

553 3869 677 3970 Carta
692 3894 737 3970 de
756 3890 1005 3969 Abirbrotbok
1020 3930 1029 3949 ·

485 4152 533 4223 ee
553 4130 747 4232 Omnibus
765 4156 895 4233 enses
915 4154 1078 4231 neonus
1100 4155 1242 4256 presens
1258 4154 1426 4255 scriptum
1443 4154 1566 4230 visuris
1585 4154 1640 4231 vu
1662 4155 1836 4232 auertere
1853 4156 2051 4233 willemus

550 4290 609 4364 dei
639 4289 753 4389 gratia
786 4289 895 4363 abbas
922 4286 969 4362 de
996 4285 1207 4361 Arbrothok
1239 4300 1276 4361 et
1304 4285 1462 4385 ejusdem
1490 4286 1561 4362 loei
1590 4301 1789 4363 conuentus
1822 4303 1982 4365 eternam
2015 4293 2052 4366 in

549 4420 694 4497 domine
720 4419 865 4495 salutem
889 4418 1044 4494 Nouerit
1067 4417 1271 4493 uniueriitas
1296 4420 1410 4495 vestra
1439 4444 1504 4493 nes
1532 4420 1714 4495 communi
1741 4420 1873 4495 effensu
1902 4436 1939 4496 et
1963 4448 2050 4497 eon·

548 4554 646 4629 sensu
666 4552 774 4629 totius
796 4551 942 4654 capituli
964 4549 1072 4629 nostri
1091 4549 1221 4627 dediffe
1241 4550 1434 4627 eoneessiffe
1454 4565 1492 4629 et
1506 4550 1575 4629 hae
1589 4566 1688 4627 carta
1702 4554 1819 4627 uestra
1835 4554 2051 4630 eonfirmaffe

548 4684 616 4759 deo
641 4698 677 4759 et
701 4682 840 4759 eeclefie
864 4682 971 4757 saneti
997 4680 1174 4759 Jehannie
1200 4680 1345 4781 apostoli
1367 4692 1405 4756 et
1424 4680 1641 4783 euangeliste
1663 4682 1709 4757 de
1729 4682 1846 4759 Insula
1862 4682 2047 4764 ssiiffarum

547 4830 584 4890 et
608 4814 727 4890 abbati
752 4828 789 4889 et
813 4814 1006 4890 eenuentui
1028 4812 1160 4887 ibidem
1185 4812 1252 4888 deo
1276 4811 1508 4888 seruientibus
1531 4828 1570 4889 et
1585 4813 1852 4914 inperpetuum
1868 4815 2045 4892 seruitutis
