<?xml version="1.0" encoding="UTF-8"?>
<!DOCTYPE html PUBLIC "-//W3C//DTD XHTML 1.0 Transitional//EN"
    "http://www.w3.org/TR/xhtml1/DTD/xhtml1-transitional.dtd">
<html xmlns="http://www.w3.org/1999/xhtml" xml:lang="en" lang="en">
 <head>
  <title>
</title>
<meta http-equiv="Content-Type" content="text/html;charset=utf-8" />
  <meta name='ocr-system' content='tesseract 3.04.00' />
  <meta name='ocr-capabilities' content='ocr_page ocr_carea ocr_par ocr_line ocrx_word'/>
</head>
<body>
  <div class='ocr_page' id='page_1' title='image "./liberinsulemiss00innegoog_0086.png"; bbox 0 0 5734 6700; ppageno 0'>
   <div class='ocr_carea' id='block_1_1' title="bbox 741 771 1681 852">
    <p class='ocr_par' dir='ltr' id='par_1_1' title="bbox 741 771 1681 852">
     <span class='ocr_line' id='line_1_1' title="bbox 741 771 1681 852; baseline -0.006 0"><span class='ocrx_word' id='word_1_1' title='bbox 741 779 765 852; x_wconf 90' lang='grc'><strong>6</strong></span> <span class='ocrx_word' id='word_1_2' title='bbox 1322 771 1681 852; x_wconf 82' lang='lat' dir='ltr'><strong>REGISTRUM</strong></span> 
     </span>
    </p>
   </div>
   <div class='ocr_carea' id='block_1_2' title="bbox 748 1079 1768 1245">
    <p class='ocr_par' dir='ltr' id='par_1_2' title="bbox 748 1079 1768 1245">
     <span class='ocr_line' id='line_1_2' title="bbox 748 1079 1768 1245; baseline -0.005 -25"><span class='ocrx_word' id='word_1_3' title='bbox 748 1117 871 1220; x_wconf 73' lang='lat' dir='ltr'><strong>Carta</strong></span> <span class='ocrx_word' id='word_1_4' title='bbox 886 1143 999 1245; x_wconf 83' lang='lat' dir='ltr'><strong>Regis</strong></span> <span class='ocrx_word' id='word_1_5' title='bbox 1017 1079 1186 1220; x_wconf 80' lang='lat' dir='ltr'><strong>ll&#39;illelmi</strong></span> <span class='ocrx_word' id='word_1_6' title='bbox 1203 1145 1306 1244; x_wconf 87' lang='lat' dir='ltr'><strong>super</strong></span> <span class='ocrx_word' id='word_1_7' title='bbox 1322 1145 1425 1220; x_wconf 91' lang='lat' dir='ltr'><strong>terris</strong></span> <span class='ocrx_word' id='word_1_8' title='bbox 1442 1144 1489 1218; x_wconf 89' lang='lat' dir='ltr'><strong>de</strong></span> <span class='ocrx_word' id='word_1_9' title='bbox 1504 1143 1740 1243; x_wconf 61' lang='lat' dir='ltr'><strong>maddyrnyn</strong></span> <span class='ocrx_word' id='word_1_10' title='bbox 1759 1185 1768 1201; x_wconf 92' lang='lat'><strong>·</strong></span> 
     </span>
    </p>
   </div>
   <div class='ocr_carea' id='block_1_3' title="bbox 704 1383 2262 1911">
    <p class='ocr_par' dir='ltr' id='par_1_3' title="bbox 704 1383 2262 1911">
     <span class='ocr_line' id='line_1_3' title="bbox 704 1383 2262 1512; baseline -0.001 -26"><span class='ocrx_word' id='word_1_11' title='bbox 704 1383 974 1486; x_wconf 78' lang='lat' dir='ltr'><strong>2Willelmus</strong></span> <span class='ocrx_word' id='word_1_12' title='bbox 1004 1410 1078 1486; x_wconf 92' lang='lat' dir='ltr'><strong>Dei</strong></span> <span class='ocrx_word' id='word_1_13' title='bbox 1110 1411 1225 1512; x_wconf 82' lang='lat' dir='ltr'><strong>gratia</strong></span> <span class='ocrx_word' id='word_1_14' title='bbox 1254 1413 1385 1510; x_wconf 89' lang='lat' dir='ltr'><strong>[Rex]</strong></span> <span class='ocrx_word' id='word_1_15' title='bbox 1419 1409 1625 1486; x_wconf 85' lang='lat' dir='ltr'><strong>Scottorum</strong></span> <span class='ocrx_word' id='word_1_16' title='bbox 1655 1409 1826 1511; x_wconf 86' lang='lat' dir='ltr'><strong>episcopis</strong></span> <span class='ocrx_word' id='word_1_17' title='bbox 1854 1409 2042 1485; x_wconf 77' lang='lat' dir='ltr'><strong>abbatibus</strong></span> <span class='ocrx_word' id='word_1_18' title='bbox 2071 1411 2262 1488; x_wconf 87' lang='lat' dir='ltr'><strong>comitibus</strong></span> 
     </span>
     <span class='ocr_line' id='line_1_4' title="bbox 744 1541 2262 1646; baseline 0.002 -28"><span class='ocrx_word' id='word_1_19' title='bbox 744 1544 937 1620; x_wconf 81' lang='lat' dir='ltr'><strong>baronibus</strong></span> <span class='ocrx_word' id='word_1_20' title='bbox 956 1543 1159 1645; x_wconf 82' lang='lat' dir='ltr'><strong>justiciariis</strong></span> <span class='ocrx_word' id='word_1_21' title='bbox 1181 1545 1448 1620; x_wconf 80' lang='lat' dir='ltr'><strong>vicecomitibus</strong></span> <span class='ocrx_word' id='word_1_22' title='bbox 1473 1543 1657 1645; x_wconf 87' lang='lat' dir='ltr'><strong>prepelitis</strong></span> <span class='ocrx_word' id='word_1_23' title='bbox 1680 1542 1848 1618; x_wconf 82' lang='lat' dir='ltr'><strong>ministris</strong></span> <span class='ocrx_word' id='word_1_24' title='bbox 1863 1569 1934 1642; x_wconf 91' lang='lat' dir='ltr'><strong>que</strong></span> <span class='ocrx_word' id='word_1_25' title='bbox 1954 1541 2121 1620; x_wconf 88' lang='lat' dir='ltr'><strong>omnibus</strong></span> <span class='ocrx_word' id='word_1_26' title='bbox 2141 1545 2262 1646; x_wconf 83' lang='lat' dir='ltr'><strong>probis</strong></span> 
     </span>
     <span class='ocr_line' id='line_1_5' title="bbox 736 1675 2262 1780; baseline 0.002 -27"><span class='ocrx_word' id='word_1_27' title='bbox 736 1675 950 1754; x_wconf 74' lang='lat' dir='ltr'><strong>&#39;hominibus</strong></span> <span class='ocrx_word' id='word_1_28' title='bbox 980 1677 1090 1754; x_wconf 85' lang='lat' dir='ltr'><strong>totius</strong></span> <span class='ocrx_word' id='word_1_29' title='bbox 1120 1693 1213 1754; x_wconf 88' lang='lat' dir='ltr'><strong>terre</strong></span> <span class='ocrx_word' id='word_1_30' title='bbox 1240 1679 1299 1754; x_wconf 91' lang='lat' dir='ltr'><strong>sue</strong></span> <span class='ocrx_word' id='word_1_31' title='bbox 1329 1678 1465 1754; x_wconf 84' lang='lat' dir='ltr'><strong>clericis</strong></span> <span class='ocrx_word' id='word_1_32' title='bbox 1494 1692 1533 1754; x_wconf 91' lang='lat' dir='ltr'><strong>et</strong></span> <span class='ocrx_word' id='word_1_33' title='bbox 1559 1677 1661 1753; x_wconf 83' lang='lat' dir='ltr'><strong>laicis</strong></span> <span class='ocrx_word' id='word_1_34' title='bbox 1690 1675 1838 1753; x_wconf 86' lang='lat' dir='ltr'><strong>sulutem</strong></span> <span class='ocrx_word' id='word_1_35' title='bbox 1877 1720 1886 1736; x_wconf 94' lang='lat'><strong>·</strong></span> <span class='ocrx_word' id='word_1_36' title='bbox 1927 1676 2051 1752; x_wconf 81' lang='lat' dir='ltr'><strong>Sciant</strong></span> <span class='ocrx_word' id='word_1_37' title='bbox 2082 1679 2262 1780; x_wconf 80' lang='lat' dir='ltr'><strong>presentes</strong></span> 
     </span>
     <span class='ocr_line' id='line_1_6' title="bbox 746 1809 2262 1911; baseline 0.001 -22"><span class='ocrx_word' id='word_1_38' title='bbox 746 1829 784 1890; x_wconf 91' lang='lat' dir='ltr'><strong>et</strong></span> <span class='ocrx_word' id='word_1_39' title='bbox 815 1813 928 1889; x_wconf 89' lang='lat' dir='ltr'><strong>futuri</strong></span> <span class='ocrx_word' id='word_1_40' title='bbox 960 1839 1019 1888; x_wconf 87' lang='lat' dir='ltr'><strong>mc</strong></span> <span class='ocrx_word' id='word_1_41' title='bbox 1053 1812 1183 1889; x_wconf 76' lang='lat' dir='ltr'><strong>dedifl‘e</strong></span> <span class='ocrx_word' id='word_1_42' title='bbox 1216 1813 1411 1888; x_wconf 83' lang='lat' dir='ltr'><strong>concelliile</strong></span> <span class='ocrx_word' id='word_1_43' title='bbox 1445 1825 1483 1887; x_wconf 93' lang='lat' dir='ltr'><strong>et</strong></span> <span class='ocrx_word' id='word_1_44' title='bbox 1514 1811 1582 1886; x_wconf 83' lang='lat' dir='ltr'><strong>hec</strong></span> <span class='ocrx_word' id='word_1_45' title='bbox 1614 1809 1767 1911; x_wconf 83' lang='lat' dir='ltr'><strong>presenti</strong></span> <span class='ocrx_word' id='word_1_46' title='bbox 1799 1823 1900 1886; x_wconf 82' lang='lat' dir='ltr'><strong>cartu</strong></span> <span class='ocrx_word' id='word_1_47' title='bbox 1930 1837 2013 1888; x_wconf 79' lang='lat' dir='ltr'><strong>mes</strong></span> <span class='ocrx_word' id='word_1_48' title='bbox 2043 1813 2262 1890; x_wconf 74' lang='lat' dir='ltr'><strong>confirmado</strong></span> 
     </span>
    </p>
   </div>
   <div class='ocr_carea' id='block_1_4' title="bbox 746 1942 2262 2178">
    <p class='ocr_par' dir='ltr' id='par_1_4' title="bbox 746 1942 2262 2178">
     <span class='ocr_line' id='line_1_7' title="bbox 746 1942 2262 2046; baseline 0.001 -24"><span class='ocrx_word' id='word_1_49' title='bbox 746 1945 869 2022; x_wconf 91' lang='lat' dir='ltr'><strong>comiti</strong></span> <span class='ocrx_word' id='word_1_50' title='bbox 891 1943 1055 2022; x_wconf 86' lang='lat' dir='ltr'><strong>Gilberto</strong></span> <span class='ocrx_word' id='word_1_51' title='bbox 1081 1943 1127 2019; x_wconf 90' lang='lat' dir='ltr'><strong>de</strong></span> <span class='ocrx_word' id='word_1_52' title='bbox 1154 1942 1369 2044; x_wconf 73' lang='lat' dir='ltr'><strong>Stratheryn</strong></span> <span class='ocrx_word' id='word_1_53' title='bbox 1392 1943 1617 2046; x_wconf 62' lang='lat' dir='ltr'><strong>Gleddymin</strong></span> <span class='ocrx_word' id='word_1_54' title='bbox 1639 1968 1705 2044; x_wconf 86' lang='lat' dir='ltr'><strong>per</strong></span> <span class='ocrx_word' id='word_1_55' title='bbox 1726 1943 1838 2018; x_wconf 69' lang='lat' dir='ltr'><strong>rocas</strong></span> <span class='ocrx_word' id='word_1_56' title='bbox 1859 1942 1988 2019; x_wconf 82' lang='lat' dir='ltr'><strong>diuisas</strong></span> <span class='ocrx_word' id='word_1_57' title='bbox 2012 1943 2091 2019; x_wconf 84' lang='lat' dir='ltr'><strong>sues</strong></span> <span class='ocrx_word' id='word_1_58' title='bbox 2115 1960 2154 2022; x_wconf 93' lang='lat' dir='ltr'><strong>et</strong></span> <span class='ocrx_word' id='word_1_59' title='bbox 2177 1971 2262 2023; x_wconf 88' lang='lat' dir='ltr'><strong>cum</strong></span> 
     </span>
     <span class='ocr_line' id='line_1_8' title="bbox 748 2067 2261 2178; baseline 0.006 -30"><span class='ocrx_word' id='word_1_60' title='bbox 748 2069 914 2148; x_wconf 90' lang='lat' dir='ltr'><strong>omnibus</strong></span> <span class='ocrx_word' id='word_1_61' title='bbox 931 2069 1036 2170; x_wconf 84' lang='lat' dir='ltr'><strong>justis</strong></span> <span class='ocrx_word' id='word_1_62' title='bbox 1052 2067 1277 2170; x_wconf 87' lang='lat' dir='ltr'><strong>pertinentiis</strong></span> <span class='ocrx_word' id='word_1_63' title='bbox 1300 2068 1338 2142; x_wconf 93' lang='lat' dir='ltr'><strong>in</strong></span> <span class='ocrx_word' id='word_1_64' title='bbox 1358 2069 1462 2145; x_wconf 88' lang='lat' dir='ltr'><strong>bosco</strong></span> <span class='ocrx_word' id='word_1_65' title='bbox 1486 2084 1524 2144; x_wconf 89' lang='lat' dir='ltr'><strong>et</strong></span> <span class='ocrx_word' id='word_1_66' title='bbox 1547 2067 1655 2170; x_wconf 80' lang='lat' dir='ltr'><strong>plano</strong></span> <span class='ocrx_word' id='word_1_67' title='bbox 1678 2069 1717 2148; x_wconf 93' lang='lat' dir='ltr'><strong>in</strong></span> <span class='ocrx_word' id='word_1_68' title='bbox 1738 2075 1842 2151; x_wconf 88' lang='lat' dir='ltr'><strong>terris</strong></span> <span class='ocrx_word' id='word_1_69' title='bbox 1863 2089 1901 2151; x_wconf 89' lang='lat' dir='ltr'><strong>et</strong></span> <span class='ocrx_word' id='word_1_70' title='bbox 1921 2075 2024 2177; x_wconf 81' lang='lat' dir='ltr'><strong>aquis</strong></span> <span class='ocrx_word' id='word_1_71' title='bbox 2039 2075 2078 2151; x_wconf 93' lang='lat' dir='ltr'><strong>in</strong></span> <span class='ocrx_word' id='word_1_72' title='bbox 2094 2080 2208 2178; x_wconf 78' lang='lat' dir='ltr'><strong>protis</strong></span> <span class='ocrx_word' id='word_1_73' title='bbox 2223 2095 2261 2157; x_wconf 93' lang='lat' dir='ltr'><strong>et</strong></span> 
     </span>
    </p>
   </div>
   <div class='ocr_carea' id='block_1_5' title="bbox 744 2199 2263 4172">
    <p class='ocr_par' dir='ltr' id='par_1_5' title="bbox 744 2199 2263 4172">
     <span class='ocr_line' id='line_1_9' title="bbox 745 2199 2261 2314; baseline 0.008 -35"><span class='ocrx_word' id='word_1_74' title='bbox 745 2203 883 2306; x_wconf 79' lang='lat' dir='ltr'><strong>polonis</strong></span> <span class='ocrx_word' id='word_1_75' title='bbox 908 2203 947 2278; x_wconf 93' lang='lat' dir='ltr'><strong>in</strong></span> <span class='ocrx_word' id='word_1_76' title='bbox 971 2201 1080 2277; x_wconf 90' lang='lat' dir='ltr'><strong>moris</strong></span> <span class='ocrx_word' id='word_1_77' title='bbox 1104 2215 1142 2276; x_wconf 89' lang='lat' dir='ltr'><strong>et</strong></span> <span class='ocrx_word' id='word_1_78' title='bbox 1167 2199 1321 2278; x_wconf 81' lang='lat' dir='ltr'><strong>meroliis</strong></span> <span class='ocrx_word' id='word_1_79' title='bbox 1341 2201 1379 2275; x_wconf 91' lang='lat' dir='ltr'><strong>in</strong></span> <span class='ocrx_word' id='word_1_80' title='bbox 1399 2199 1614 2278; x_wconf 88' lang='lat' dir='ltr'><strong>molendinis</strong></span> <span class='ocrx_word' id='word_1_81' title='bbox 1630 2219 1668 2280; x_wconf 89' lang='lat' dir='ltr'><strong>et</strong></span> <span class='ocrx_word' id='word_1_82' title='bbox 1682 2207 1815 2308; x_wconf 82' lang='lat' dir='ltr'><strong>stagnis</strong></span> <span class='ocrx_word' id='word_1_83' title='bbox 1831 2221 1869 2282; x_wconf 90' lang='lat' dir='ltr'><strong>et</strong></span> <span class='ocrx_word' id='word_1_84' title='bbox 1885 2209 2051 2284; x_wconf 89' lang='lat' dir='ltr'><strong>omnibus</strong></span> <span class='ocrx_word' id='word_1_85' title='bbox 2066 2209 2145 2286; x_wconf 86' lang='lat' dir='ltr'><strong>uliis</strong></span> <span class='ocrx_word' id='word_1_86' title='bbox 2155 2211 2261 2314; x_wconf 82' lang='lat' dir='ltr'><strong>justis</strong></span> 
     </span>
     <span class='ocr_line' id='line_1_10' title="bbox 745 2333 2259 2444; baseline 0.008 -32"><span class='ocrx_word' id='word_1_87' title='bbox 745 2334 971 2436; x_wconf 85' lang='lat' dir='ltr'><strong>pertinentiis</strong></span> <span class='ocrx_word' id='word_1_88' title='bbox 991 2333 1063 2409; x_wconf 83' lang='lat' dir='ltr'><strong>suis</strong></span> <span class='ocrx_word' id='word_1_89' title='bbox 1083 2360 1166 2409; x_wconf 91' lang='lat' dir='ltr'><strong>cum</strong></span> <span class='ocrx_word' id='word_1_90' title='bbox 1186 2335 1286 2410; x_wconf 82' lang='lat' dir='ltr'><strong>saoce</strong></span> <span class='ocrx_word' id='word_1_91' title='bbox 1301 2347 1339 2410; x_wconf 89' lang='lat' dir='ltr'><strong>et</strong></span> <span class='ocrx_word' id='word_1_92' title='bbox 1354 2333 1453 2410; x_wconf 84' lang='lat' dir='ltr'><strong>socca</strong></span> <span class='ocrx_word' id='word_1_93' title='bbox 1468 2361 1553 2412; x_wconf 91' lang='lat' dir='ltr'><strong>cum</strong></span> <span class='ocrx_word' id='word_1_94' title='bbox 1569 2335 1659 2412; x_wconf 92' lang='lat' dir='ltr'><strong>tholl</strong></span> <span class='ocrx_word' id='word_1_95' title='bbox 1675 2353 1713 2415; x_wconf 88' lang='lat' dir='ltr'><strong>et</strong></span> <span class='ocrx_word' id='word_1_96' title='bbox 1728 2339 1870 2415; x_wconf 80' lang='lat' dir='ltr'><strong>theeme</strong></span> <span class='ocrx_word' id='word_1_97' title='bbox 1886 2354 1925 2416; x_wconf 88' lang='lat' dir='ltr'><strong>et</strong></span> <span class='ocrx_word' id='word_1_98' title='bbox 1940 2340 2232 2444; x_wconf 78' lang='lat' dir='ltr'><strong>infangandtheie</strong></span> <span class='ocrx_word' id='word_1_99' title='bbox 2250 2388 2259 2408; x_wconf 92' lang='lat'><strong>·</strong></span> 
     </span>
     <span class='ocr_line' id='line_1_11' title="bbox 747 2465 2260 2558; baseline 0.009 -14"><span class='ocrx_word' id='word_1_100' title='bbox 747 2469 960 2546; x_wconf 79' lang='lat' dir='ltr'><strong>Tenendum</strong></span> <span class='ocrx_word' id='word_1_101' title='bbox 993 2466 1055 2543; x_wconf 86' lang='lat' dir='ltr'><strong>libi</strong></span> <span class='ocrx_word' id='word_1_102' title='bbox 1088 2481 1125 2542; x_wconf 94' lang='lat' dir='ltr'><strong>et</strong></span> <span class='ocrx_word' id='word_1_103' title='bbox 1158 2466 1352 2543; x_wconf 87' lang='lat' dir='ltr'><strong>heredibus</strong></span> <span class='ocrx_word' id='word_1_104' title='bbox 1384 2465 1456 2542; x_wconf 87' lang='lat' dir='ltr'><strong>suis</strong></span> <span class='ocrx_word' id='word_1_105' title='bbox 1489 2469 1535 2544; x_wconf 92' lang='lat' dir='ltr'><strong>de</strong></span> <span class='ocrx_word' id='word_1_106' title='bbox 1569 2497 1629 2546; x_wconf 90' lang='lat' dir='ltr'><strong>me</strong></span> <span class='ocrx_word' id='word_1_107' title='bbox 1663 2485 1701 2549; x_wconf 91' lang='lat' dir='ltr'><strong>et</strong></span> <span class='ocrx_word' id='word_1_108' title='bbox 1735 2473 1928 2550; x_wconf 88' lang='lat' dir='ltr'><strong>heredibus</strong></span> <span class='ocrx_word' id='word_1_109' title='bbox 1960 2475 2052 2552; x_wconf 90' lang='lat' dir='ltr'><strong>meis</strong></span> <span class='ocrx_word' id='word_1_110' title='bbox 2083 2477 2123 2552; x_wconf 93' lang='lat' dir='ltr'><strong>in</strong></span> <span class='ocrx_word' id='word_1_111' title='bbox 2154 2480 2260 2558; x_wconf 87' lang='lat' dir='ltr'><strong>feodo</strong></span> 
     </span>
     <span class='ocr_line' id='line_1_12' title="bbox 745 2599 2259 2710; baseline 0.01 -30"><span class='ocrx_word' id='word_1_112' title='bbox 745 2617 782 2680; x_wconf 90' lang='lat' dir='ltr'><strong>et</strong></span> <span class='ocrx_word' id='word_1_113' title='bbox 807 2603 1007 2680; x_wconf 75' lang='lat' dir='ltr'><strong>hereditate</strong></span> <span class='ocrx_word' id='word_1_114' title='bbox 1032 2599 1144 2678; x_wconf 91' lang='lat' dir='ltr'><strong>libere</strong></span> <span class='ocrx_word' id='word_1_115' title='bbox 1170 2615 1208 2678; x_wconf 87' lang='lat' dir='ltr'><strong>et</strong></span> <span class='ocrx_word' id='word_1_116' title='bbox 1234 2600 1357 2701; x_wconf 89' lang='lat' dir='ltr'><strong>quiete</strong></span> <span class='ocrx_word' id='word_1_117' title='bbox 1384 2599 1545 2703; x_wconf 83' lang='lat' dir='ltr'><strong>plenario</strong></span> <span class='ocrx_word' id='word_1_118' title='bbox 1573 2615 1611 2679; x_wconf 89' lang='lat' dir='ltr'><strong>et</strong></span> <span class='ocrx_word' id='word_1_119' title='bbox 1636 2606 1832 2684; x_wconf 85' lang='lat' dir='ltr'><strong>honorifice</strong></span> <span class='ocrx_word' id='word_1_120' title='bbox 1855 2635 1922 2710; x_wconf 87' lang='lat' dir='ltr'><strong>per</strong></span> <span class='ocrx_word' id='word_1_121' title='bbox 1946 2609 2129 2688; x_wconf 82' lang='lat' dir='ltr'><strong>seruitium</strong></span> <span class='ocrx_word' id='word_1_122' title='bbox 2152 2615 2259 2694; x_wconf 84' lang='lat' dir='ltr'><strong>vuius</strong></span> 
     </span>
     <span class='ocr_line' id='line_1_13' title="bbox 745 2732 2263 2842; baseline 0.009 -30"><span class='ocrx_word' id='word_1_123' title='bbox 745 2735 868 2812; x_wconf 89' lang='lat' dir='ltr'><strong>militis</strong></span> <span class='ocrx_word' id='word_1_124' title='bbox 893 2735 944 2812; x_wconf 83' lang='lat' dir='ltr'><strong>ite</strong></span> <span class='ocrx_word' id='word_1_125' title='bbox 966 2733 1074 2810; x_wconf 82' lang='lat' dir='ltr'><strong>etiem</strong></span> <span class='ocrx_word' id='word_1_126' title='bbox 1095 2732 1193 2832; x_wconf 91' lang='lat' dir='ltr'><strong>quod</strong></span> <span class='ocrx_word' id='word_1_127' title='bbox 1217 2759 1284 2808; x_wconf 86' lang='lat' dir='ltr'><strong>nec</strong></span> <span class='ocrx_word' id='word_1_128' title='bbox 1307 2732 1379 2834; x_wconf 85' lang='lat' dir='ltr'><strong>ipse</strong></span> <span class='ocrx_word' id='word_1_129' title='bbox 1404 2761 1472 2810; x_wconf 87' lang='lat' dir='ltr'><strong>nec</strong></span> <span class='ocrx_word' id='word_1_130' title='bbox 1497 2735 1649 2813; x_wconf 89' lang='lat' dir='ltr'><strong>heredes</strong></span> <span class='ocrx_word' id='word_1_131' title='bbox 1672 2740 1726 2813; x_wconf 87' lang='lat' dir='ltr'><strong>sui</strong></span> <span class='ocrx_word' id='word_1_132' title='bbox 1749 2739 1870 2838; x_wconf 81' lang='lat' dir='ltr'><strong>ulique</strong></span> <span class='ocrx_word' id='word_1_133' title='bbox 1895 2755 2057 2842; x_wconf 88' lang='lat' dir='ltr'><strong>tempore</strong></span> <span class='ocrx_word' id='word_1_134' title='bbox 2080 2744 2263 2826; x_wconf 84' lang='lat' dir='ltr'><strong>vendcent</strong></span> 
     </span>
     <span class='ocr_line' id='line_1_14' title="bbox 745 2863 2260 2978; baseline 0.009 -35"><span class='ocrx_word' id='word_1_135' title='bbox 745 2869 791 2946; x_wconf 87' lang='lat' dir='ltr'><strong>de</strong></span> <span class='ocrx_word' id='word_1_136' title='bbox 814 2883 909 2946; x_wconf 81' lang='lat' dir='ltr'><strong>terre</strong></span> <span class='ocrx_word' id='word_1_137' title='bbox 929 2866 1142 2944; x_wconf 86' lang='lat' dir='ltr'><strong>Gillecolme</strong></span> <span class='ocrx_word' id='word_1_138' title='bbox 1164 2863 1374 2950; x_wconf 66' lang='lat' dir='ltr'><strong>werelcello</strong></span> <span class='ocrx_word' id='word_1_139' title='bbox 1395 2880 1460 2944; x_wconf 81' lang='lat' dir='ltr'><strong>cut</strong></span> <span class='ocrx_word' id='word_1_140' title='bbox 1481 2867 1675 2945; x_wconf 85' lang='lat' dir='ltr'><strong>heredibus</strong></span> <span class='ocrx_word' id='word_1_141' title='bbox 1699 2872 1770 2947; x_wconf 88' lang='lat' dir='ltr'><strong>suis</strong></span> <span class='ocrx_word' id='word_1_142' title='bbox 1794 2892 1858 2949; x_wconf 83' lang='lat' dir='ltr'><strong>unt</strong></span> <span class='ocrx_word' id='word_1_143' title='bbox 1879 2872 1989 2950; x_wconf 80' lang='lat' dir='ltr'><strong>elicui</strong></span> <span class='ocrx_word' id='word_1_144' title='bbox 2008 2875 2056 2952; x_wconf 89' lang='lat' dir='ltr'><strong>de</strong></span> <span class='ocrx_word' id='word_1_145' title='bbox 2077 2879 2260 2978; x_wconf 72' lang='lat' dir='ltr'><strong>parentela</strong></span> 
     </span>
     <span class='ocr_line' id='line_1_15' title="bbox 744 2997 2260 3112; baseline 0.009 -36"><span class='ocrx_word' id='word_1_146' title='bbox 744 3003 806 3076; x_wconf 82' lang='lat' dir='ltr'><strong>lue</strong></span> <span class='ocrx_word' id='word_1_147' title='bbox 827 2999 997 3102; x_wconf 83' lang='lat' dir='ltr'><strong>liquando</strong></span> <span class='ocrx_word' id='word_1_148' title='bbox 1020 2997 1202 3098; x_wconf 87' lang='lat' dir='ltr'><strong>querelam</strong></span> <span class='ocrx_word' id='word_1_149' title='bbox 1223 2997 1309 3073; x_wconf 89' lang='lat' dir='ltr'><strong>inde</strong></span> <span class='ocrx_word' id='word_1_150' title='bbox 1331 3024 1417 3098; x_wconf 82' lang='lat' dir='ltr'><strong>erga</strong></span> <span class='ocrx_word' id='word_1_151' title='bbox 1439 3025 1501 3075; x_wconf 87' lang='lat' dir='ltr'><strong>eos</strong></span> <span class='ocrx_word' id='word_1_152' title='bbox 1520 3027 1665 3080; x_wconf 84' lang='lat' dir='ltr'><strong>movere</strong></span> <span class='ocrx_word' id='word_1_153' title='bbox 1687 2997 1867 3083; x_wconf 86' lang='lat' dir='ltr'><strong>voluerint</strong></span> <span class='ocrx_word' id='word_1_154' title='bbox 1887 3007 2057 3108; x_wconf 80' lang='lat' dir='ltr'><strong>quoniam</strong></span> <span class='ocrx_word' id='word_1_155' title='bbox 2080 3011 2260 3112; x_wconf 69' lang='lat' dir='ltr'><strong>predictus</strong></span> 
     </span>
     <span class='ocr_line' id='line_1_16' title="bbox 746 3129 2258 3242; baseline 0.009 -30"><span class='ocrx_word' id='word_1_156' title='bbox 746 3133 937 3212; x_wconf 87' lang='lat' dir='ltr'><strong>Gilleoolm</strong></span> <span class='ocrx_word' id='word_1_157' title='bbox 963 3160 1029 3233; x_wconf 91' lang='lat' dir='ltr'><strong>pro</strong></span> <span class='ocrx_word' id='word_1_158' title='bbox 1053 3129 1185 3208; x_wconf 76' lang='lat' dir='ltr'><strong>felonis</strong></span> <span class='ocrx_word' id='word_1_159' title='bbox 1210 3158 1318 3231; x_wconf 83' lang='lat' dir='ltr'><strong>quem</strong></span> <span class='ocrx_word' id='word_1_160' title='bbox 1345 3157 1431 3234; x_wconf 77' lang='lat' dir='ltr'><strong>erge</strong></span> <span class='ocrx_word' id='word_1_161' title='bbox 1456 3161 1515 3212; x_wconf 88' lang='lat' dir='ltr'><strong>me</strong></span> <span class='ocrx_word' id='word_1_162' title='bbox 1543 3135 1628 3212; x_wconf 82' lang='lat' dir='ltr'><strong>iecit</strong></span> <span class='ocrx_word' id='word_1_163' title='bbox 1660 3152 1792 3215; x_wconf 84' lang='lat' dir='ltr'><strong>terrem</strong></span> <span class='ocrx_word' id='word_1_164' title='bbox 1825 3143 2113 3242; x_wconf 79' lang='lat' dir='ltr'><strong>prenominatam</strong></span> <span class='ocrx_word' id='word_1_165' title='bbox 2145 3147 2258 3225; x_wconf 78' lang='lat' dir='ltr'><strong>amitit</strong></span> 
     </span>
     <span class='ocr_line' id='line_1_17' title="bbox 745 3266 2258 3381; baseline 0.012 -38"><span class='ocrx_word' id='word_1_166' title='bbox 745 3270 832 3345; x_wconf 87' lang='lat' dir='ltr'><strong>ficut</strong></span> <span class='ocrx_word' id='word_1_167' title='bbox 853 3268 912 3345; x_wconf 90' lang='lat' dir='ltr'><strong>ille</strong></span> <span class='ocrx_word' id='word_1_168' title='bbox 934 3267 997 3369; x_wconf 90' lang='lat' dir='ltr'><strong>qui</strong></span> <span class='ocrx_word' id='word_1_169' title='bbox 1017 3267 1055 3342; x_wconf 92' lang='lat' dir='ltr'><strong>in</strong></span> <span class='ocrx_word' id='word_1_170' title='bbox 1075 3266 1208 3343; x_wconf 80' lang='lat' dir='ltr'><strong>solonio</strong></span> <span class='ocrx_word' id='word_1_171' title='bbox 1226 3267 1384 3344; x_wconf 87' lang='lat' dir='ltr'><strong>reddidit</strong></span> <span class='ocrx_word' id='word_1_172' title='bbox 1406 3268 1587 3345; x_wconf 79' lang='lat' dir='ltr'><strong>castellum</strong></span> <span class='ocrx_word' id='word_1_173' title='bbox 1609 3297 1731 3349; x_wconf 90' lang='lat' dir='ltr'><strong>meum</strong></span> <span class='ocrx_word' id='word_1_174' title='bbox 1751 3274 1798 3352; x_wconf 91' lang='lat' dir='ltr'><strong>de</strong></span> <span class='ocrx_word' id='word_1_175' title='bbox 1818 3276 1949 3380; x_wconf 61' lang='lat' dir='ltr'><strong>Herpn</strong></span> <span class='ocrx_word' id='word_1_176' title='bbox 1972 3293 2009 3357; x_wconf 89' lang='lat' dir='ltr'><strong>et</strong></span> <span class='ocrx_word' id='word_1_177' title='bbox 2027 3282 2150 3381; x_wconf 80' lang='lat' dir='ltr'><strong>postea</strong></span> <span class='ocrx_word' id='word_1_178' title='bbox 2170 3284 2258 3362; x_wconf 86' lang='lat' dir='ltr'><strong>ficut</strong></span> 
     </span>
     <span class='ocr_line' id='line_1_18' title="bbox 745 3400 2258 3504; baseline 0.011 -27"><span class='ocrx_word' id='word_1_179' title='bbox 745 3402 864 3502; x_wconf 84' lang='lat' dir='ltr'><strong>inique</strong></span> <span class='ocrx_word' id='word_1_180' title='bbox 886 3414 923 3478; x_wconf 91' lang='lat' dir='ltr'><strong>et</strong></span> <span class='ocrx_word' id='word_1_181' title='bbox 944 3400 1106 3504; x_wconf 90' lang='lat' dir='ltr'><strong>proditor</strong></span> <span class='ocrx_word' id='word_1_182' title='bbox 1128 3400 1192 3477; x_wconf 88' lang='lat' dir='ltr'><strong>ivit</strong></span> <span class='ocrx_word' id='word_1_183' title='bbox 1214 3401 1261 3475; x_wconf 85' lang='lat' dir='ltr'><strong>nd</strong></span> <span class='ocrx_word' id='word_1_184' title='bbox 1283 3400 1447 3477; x_wconf 90' lang='lat' dir='ltr'><strong>inimicos</strong></span> <span class='ocrx_word' id='word_1_185' title='bbox 1469 3429 1568 3480; x_wconf 89' lang='lat' dir='ltr'><strong>meos</strong></span> <span class='ocrx_word' id='word_1_186' title='bbox 1590 3406 1760 3485; x_wconf 78' lang='lat' dir='ltr'><strong>mortales</strong></span> <span class='ocrx_word' id='word_1_187' title='bbox 1780 3424 1921 3487; x_wconf 88' lang='lat' dir='ltr'><strong>etcum</strong></span> <span class='ocrx_word' id='word_1_188' title='bbox 1943 3412 1994 3488; x_wconf 92' lang='lat' dir='ltr'><strong>eis</strong></span> <span class='ocrx_word' id='word_1_189' title='bbox 2014 3414 2111 3491; x_wconf 86' lang='lat' dir='ltr'><strong>stetit</strong></span> <span class='ocrx_word' id='word_1_190' title='bbox 2133 3432 2258 3494; x_wconf 83' lang='lat' dir='ltr'><strong>contre</strong></span> 
     </span>
     <span class='ocr_line' id='line_1_19' title="bbox 744 3536 2256 3637; baseline 0.013 -28"><span class='ocrx_word' id='word_1_191' title='bbox 744 3563 804 3613; x_wconf 89' lang='lat' dir='ltr'><strong>me</strong></span> <span class='ocrx_word' id='word_1_192' title='bbox 828 3537 876 3612; x_wconf 83' lang='lat' dir='ltr'><strong>ed</strong></span> <span class='ocrx_word' id='word_1_193' title='bbox 898 3536 1181 3613; x_wconf 82' lang='lat' dir='ltr'><strong>fon&#39;ffeciendum</strong></span> <span class='ocrx_word' id='word_1_194' title='bbox 1206 3561 1272 3635; x_wconf 90' lang='lat' dir='ltr'><strong>pro</strong></span> <span class='ocrx_word' id='word_1_195' title='bbox 1291 3536 1386 3637; x_wconf 75' lang='lat' dir='ltr'><strong>polle</strong></span> <span class='ocrx_word' id='word_1_196' title='bbox 1405 3538 1468 3613; x_wconf 89' lang='lat' dir='ltr'><strong>suo</strong></span> <span class='ocrx_word' id='word_1_197' title='bbox 1489 3580 1499 3598; x_wconf 89' lang='lat'><strong>·</strong></span> <span class='ocrx_word' id='word_1_198' title='bbox 1523 3538 1690 3617; x_wconf 82' lang='lat' dir='ltr'><strong>Testibus</strong></span> <span class='ocrx_word' id='word_1_199' title='bbox 1716 3545 1846 3621; x_wconf 89' lang='lat' dir='ltr'><strong>comite</strong></span> <span class='ocrx_word' id='word_1_200' title='bbox 1865 3545 1989 3623; x_wconf 81' lang='lat' dir='ltr'><strong>David</strong></span> <span class='ocrx_word' id='word_1_201' title='bbox 2012 3551 2122 3626; x_wconf 71' lang='lat' dir='ltr'><strong>fraus</strong></span> <span class='ocrx_word' id='word_1_202' title='bbox 2147 3578 2256 3628; x_wconf 90' lang='lat' dir='ltr'><strong>meo·</strong></span> 
     </span>
     <span class='ocr_line' id='line_1_20' title="bbox 746 3667 2254 3784; baseline 0.001 -39"><span class='ocrx_word' id='word_1_203' title='bbox 746 3669 907 3745; x_wconf 81' lang='lat' dir='ltr'><strong>Ricerdo</strong></span> <span class='ocrx_word' id='word_1_204' title='bbox 923 3669 969 3745; x_wconf 91' lang='lat' dir='ltr'><strong>de</strong></span> <span class='ocrx_word' id='word_1_205' title='bbox 986 3667 1142 3753; x_wconf 64' lang='lat' dir='ltr'><strong>moruile</strong></span> <span class='ocrx_word' id='word_1_206' title='bbox 1159 3668 1416 3745; x_wconf 72' lang='lat' dir='ltr'><strong>constabulario</strong></span> <span class='ocrx_word' id='word_1_207' title='bbox 1436 3713 1445 3729; x_wconf 92' lang='lat'><strong>·</strong></span> <span class='ocrx_word' id='word_1_208' title='bbox 1467 3670 1635 3775; x_wconf 90' lang='lat' dir='ltr'><strong>Philippo</strong></span> <span class='ocrx_word' id='word_1_209' title='bbox 1651 3675 1698 3751; x_wconf 90' lang='lat' dir='ltr'><strong>de</strong></span> <span class='ocrx_word' id='word_1_210' title='bbox 1714 3676 1878 3753; x_wconf 80' lang='lat' dir='ltr'><strong>Valoniis</strong></span> <span class='ocrx_word' id='word_1_211' title='bbox 1899 3718 1910 3741; x_wconf 88' lang='lat'><strong>·</strong></span> <span class='ocrx_word' id='word_1_212' title='bbox 1930 3679 2050 3757; x_wconf 83' lang='lat' dir='ltr'><strong>Alano</strong></span> <span class='ocrx_word' id='word_1_213' title='bbox 2067 3682 2227 3784; x_wconf 77' lang='lat' dir='ltr'><strong>dapifero</strong></span> <span class='ocrx_word' id='word_1_214' title='bbox 2245 3725 2254 3746; x_wconf 93' lang='lat'><strong>.</strong></span> 
     </span>
     <span class='ocr_line' id='line_1_21' title="bbox 745 3800 2256 3907; baseline 0.01 -28"><span class='ocrx_word' id='word_1_215' title='bbox 745 3802 908 3879; x_wconf 83' lang='lat' dir='ltr'><strong>Waltero</strong></span> <span class='ocrx_word' id='word_1_216' title='bbox 937 3801 1079 3879; x_wconf 85' lang='lat' dir='ltr'><strong>Olilerd</strong></span> <span class='ocrx_word' id='word_1_217' title='bbox 1107 3840 1116 3863; x_wconf 90' lang='lat'><strong>·</strong></span> <span class='ocrx_word' id='word_1_218' title='bbox 1143 3800 1324 3876; x_wconf 91' lang='lat' dir='ltr'><strong>Willelmo</strong></span> <span class='ocrx_word' id='word_1_219' title='bbox 1351 3802 1398 3877; x_wconf 87' lang='lat' dir='ltr'><strong>de</strong></span> <span class='ocrx_word' id='word_1_220' title='bbox 1425 3801 1617 3907; x_wconf 69' lang='lat' dir='ltr'><strong>Lyndeley</strong></span> <span class='ocrx_word' id='word_1_221' title='bbox 1645 3844 1656 3869; x_wconf 67' lang='grc' dir='ltr'><strong><em>ο</em></strong></span> <span class='ocrx_word' id='word_1_222' title='bbox 1683 3806 1844 3886; x_wconf 83' lang='lat' dir='ltr'><strong>Waltero</strong></span> <span class='ocrx_word' id='word_1_223' title='bbox 1872 3810 2008 3890; x_wconf 85' lang='lat' dir='ltr'><strong>Gorbet</strong></span> <span class='ocrx_word' id='word_1_224' title='bbox 2040 3815 2256 3895; x_wconf 77' lang='lat' dir='ltr'><strong>-willelmo</strong></span> 
     </span>
     <span class='ocr_line' id='line_1_22' title="bbox 745 3932 2254 4037; baseline 0.009 -23"><span class='ocrx_word' id='word_1_225' title='bbox 745 3936 893 4037; x_wconf 70' lang='lat' dir='ltr'><strong>Oumyn</strong></span> <span class='ocrx_word' id='word_1_226' title='bbox 921 3934 1111 4011; x_wconf 83' lang='lat' dir='ltr'><strong>·Renullo</strong></span> <span class='ocrx_word' id='word_1_227' title='bbox 1134 3934 1180 4011; x_wconf 88' lang='lat' dir='ltr'><strong>dc</strong></span> <span class='ocrx_word' id='word_1_228' title='bbox 1203 3932 1308 4009; x_wconf 85' lang='lat' dir='ltr'><strong>Soles</strong></span> <span class='ocrx_word' id='word_1_229' title='bbox 1334 3978 1342 3995; x_wconf 93' lang='lat'><strong>·</strong></span> <span class='ocrx_word' id='word_1_230' title='bbox 1368 3933 1502 4011; x_wconf 80' lang='lat' dir='ltr'><strong>Sweno</strong></span> <span class='ocrx_word' id='word_1_231' title='bbox 1523 3936 1597 4013; x_wconf 89' lang='lat' dir='ltr'><strong>filio</strong></span> <span class='ocrx_word' id='word_1_232' title='bbox 1618 3939 1740 4017; x_wconf 88' lang='lat' dir='ltr'><strong>There</strong></span> <span class='ocrx_word' id='word_1_233' title='bbox 1764 3984 1773 4003; x_wconf 90' lang='lat'><strong>·</strong></span> <span class='ocrx_word' id='word_1_234' title='bbox 1797 3943 1979 4021; x_wconf 86' lang='lat' dir='ltr'><strong>Willelrno</strong></span> <span class='ocrx_word' id='word_1_235' title='bbox 2003 3946 2078 4025; x_wconf 88' lang='lat' dir='ltr'><strong>filio</strong></span> <span class='ocrx_word' id='word_1_236' title='bbox 2104 3948 2254 4027; x_wconf 88' lang='lat' dir='ltr'><strong>There·</strong></span> 
     </span>
     <span class='ocr_line' id='line_1_23' title="bbox 744 4068 1060 4172; baseline -0.013 -27"><span class='ocrx_word' id='word_1_237' title='bbox 744 4069 843 4172; x_wconf 82' lang='lat' dir='ltr'><strong>opud</strong></span> <span class='ocrx_word' id='word_1_238' title='bbox 861 4068 1031 4168; x_wconf 86' lang='lat' dir='ltr'><strong>Lillidqw</strong></span> <span class='ocrx_word' id='word_1_239' title='bbox 1052 4108 1060 4133; x_wconf 88' lang='lat'><strong>·</strong></span> 
     </span>
    </p>
   </div>
   <div class='ocr_carea' id='block_1_6' title="bbox 0 0 2872 6692">
    <p class='ocr_par' dir='ltr' id='par_1_6' title="bbox 0 0 2872 6692">
     <span class='ocr_line' id='line_1_24' title="bbox 0 0 2872 6692; baseline 0 0"><span class='ocrx_word' id='word_1_240' title='bbox 0 0 2872 6692; x_wconf 95' lang='lat' dir='ltr'><strong> </strong></span> 
     </span>
    </p>
   </div>
  </div>
 </body>
</html>
