5734 6700
1202 933 1480 1002 APPENDIX.
1989 932 2088 1001 miii

581 1139 766 1215 annuatim
788 1141 865 1244 ipse
887 1157 924 1220 et
945 1145 1093 1224 heredes
1110 1147 1165 1222 sui
1183 1147 1238 1227 sel
1254 1147 1311 1226 sui
1326 1149 1498 1252 assignati
1508 1143 1666 1226 miohiet
1681 1145 1872 1224 heredibus
1889 1146 1980 1222 meis
1996 1171 2085 1246 que-

578 1271 663 1346 dam
685 1270 833 1350 calearia
854 1275 1024 1354 deaurata
1045 1277 1105 1356 vel
1124 1303 1188 1356 sex
1209 1280 1373 1358 denarios
1396 1281 1445 1356 ad
1466 1280 1717 1358 Penteeostem
1738 1304 1804 1379 pro
1828 1275 1926 1353 omni
1942 1276 2085 1352 servitio

579 1406 835 1484 eonsuetudine
850 1409 1035 1486 exactione
1051 1425 1088 1486 et
1104 1409 1282 1488 demanda
1297 1411 1447 1489 seculari
1469 1411 1575 1487 Salvo
1590 1411 1765 1488 forinseco
1781 1408 1922 1485 servitio
1939 1408 2083 1482 domino

580 1536 676 1638 Regi
691 1553 865 1636 quantum
884 1541 1040 1643 pertinet
1057 1542 1105 1618 ad
1121 1556 1255 1620 terram
1276 1544 1562 1646 prenominatam
1577 1543 1659 1644 Ego
1675 1567 1760 1618 vero
1778 1540 1892 1616 didius
1908 1537 2081 1622 melesius

578 1683 614 1743 et
623 1667 772 1746 heredes
782 1671 853 1748 mei
862 1672 957 1749 dioto
975 1673 1186 1752 Gilbertoet
1201 1674 1392 1752 heredibus
1408 1675 1482 1751 suis
1499 1673 1554 1751 vel
1564 1676 1638 1752 suis
1647 1673 1834 1772 assignatis
1852 1683 1982 1746 terram
1996 1697 2079 1770 pre-

577 1802 796 1878 nominatam
814 1831 881 1906 pro
897 1807 1042 1883 servitio
1057 1808 1216 1909 predidlo
1233 1807 1341 1884 miehi
1358 1823 1395 1885 et
1406 1808 1597 1885 heredibus
1610 1807 1698 1884 meis
1710 1805 1897 1880 annuatim
1909 1802 2079 1880 solvendo

575 1947 700 2010 annua
715 1961 839 2012 omnes
855 1938 1019 2016 homiues
1037 1954 1074 2017 et
1089 1939 1240 2018 seminas
1256 1941 1587 2018 warrantiaabimus
1601 1937 1884 2039 acquietabimus
1901 1951 1938 2012 et
1955 1935 2078 2010 desen-

575 2064 749 2142 demusin
765 2083 979 2171 perpetuum
996 2073 1043 2148 In
1060 2075 1162 2176 eujus
1178 2073 1230 2148 rei
1248 2073 1493 2150 testimoninm
1508 2085 1710 2174 presentem
1727 2084 1858 2146 cartam
1881 2066 1986 2167 sigilli
2005 2070 2077 2142 mei

573 2199 805 2299 impressione
830 2202 992 2279 roborari
1032 2204 1201 2280 Testibus
1227 2205 1486 2281 venerabilibus
1514 2203 1675 2305 patribus
1707 2200 1861 2277 dominis
1889 2197 2075 2277 Clemente

573 2328 740 2432 episeopo
766 2332 1028 2410 Dumblanensi
1054 2336 1091 2411 A
1110 2377 1118 2395 ·
1136 2337 1265 2412 abbate
1290 2336 1335 2413 de
1362 2336 1486 2412 Insula
1510 2336 1705 2419 missarum
1731 2333 1885 2409 dominis
1911 2331 2077 2408 Gilberto

573 2463 619 2538 de
647 2462 854 2567 Glenoarny
874 2463 1070 2550 malcolmo
1090 2467 1135 2542 do
1162 2468 1328 2552 moravia
1356 2467 1526 2545 Gilberto
1554 2469 1601 2543 de
1627 2465 1799 2543 Ruthven
1835 2462 2003 2540 Joaohim
2028 2463 2075 2540 de

571 2592 709 2670 Knibet
733 2594 904 2671 militibus
929 2597 1105 2674 Nicholao
1134 2599 1325 2674 camerario
1355 2597 1524 2676 Gilberto
1553 2597 1628 2673 tilio
1656 2597 1796 2674 comitis
1830 2595 1999 2672 Gilberto
2026 2596 2074 2671 de

573 2721 710 2802 Knibet
737 2725 889 2810 sslulesio
899 2725 975 2804 silio
990 2727 1132 2804 Aneoul
1161 2729 1339 2805 Dunoano
1349 2728 1395 2804 de
1405 2728 1532 2830 Durry
1559 2727 1741 2804 Willelmo
1753 2726 1882 2806 elerioo
1897 2741 1935 2802 et
1950 2726 2074 2803 multis

570 2853 670 2957 nlijs·

576 3223 766 3341 melisius
783 3277 902 3328 eomes
918 3251 981 3328 dat
998 3252 1177 3330 Amabilie
1194 3255 1304 3358 ipsius
1316 3256 1424 3332 semri
1434 3270 1565 3331 terram
1581 3256 1628 3332 de
1646 3253 1878 3359 Kyneardyn,
1894 3255 2073 3356 adipsum

567 3382 803 3461 maritandam
823 3427 832 3445 ·
857 3385 962 3487 On'g.
979 3389 1020 3461 a'n
1036 3388 1193 3463 archivis
1209 3388 1330 3465 Ducti
1345 3390 1390 3465 de
1403 3388 1600 3465 Moutrose.

496 3654 540 3723 14
572 3620 707 3725 Sciant
729 3676 854 3728 omnes
877 3664 951 3729 tam
974 3653 1155 3753 presentes
1178 3678 1287 3753 quam
1308 3652 1421 3729 loturi
1444 3653 1540 3755 quod
1556 3653 1638 3757 Ego
1654 3652 1814 3738 melisius
1831 3678 1950 3730 eomes
1968 3654 2072 3731 sua-

565 3782 654 3859 hern
668 3782 751 3859 dedi
763 3784 910 3861 conuelli
923 3798 959 3861 et
976 3783 1044 3859 hae
1061 3784 1215 3886 presenti
1232 3800 1330 3861 earta
1346 3813 1427 3863 mea
1443 3788 1652 3864 confirmaui
1670 3783 1850 3861 Amabilie
1866 3786 1975 3861 sorori
1991 3812 2071 3861 mee

565 3915 611 3991 ad
635 3916 743 4017 ipsam
766 3915 1004 3993 maritandam
1027 3930 1141 3992 totam
1164 3930 1296 3992 terram
1319 3917 1364 3994 de
1382 3918 1608 4021 Kynkardyn
1626 3918 1664 3991 iu
1682 3916 1823 3992 Kather
1837 3916 1983 3992 leuenas
2000 3942 2070 4017 que

563 4061 618 4122 est
635 4049 743 4146 juxta
764 4046 1080 4124 Hodierhardouer
1101 4050 1174 4125 sine
1194 4046 1313 4149 aliquo
1329 4050 1566 4126 retinemento
1585 4092 1594 4110 ·
1611 4050 1649 4124 in
1667 4049 1773 4125 bosco
1793 4091 1801 4108 ·
1820 4048 1860 4122 in
1876 4047 1985 4149 plano
2003 4092 2012 4108 ·
2029 4050 2068 4122 in

564 4183 675 4284 pratis
703 4226 712 4243 ·
736 4183 774 4257 in
797 4184 935 4284 pascuis
959 4224 969 4245 ·
994 4184 1032 4258 in
1056 4185 1164 4260 moris
1187 4198 1225 4261 et
1244 4186 1398 4263 mariscis
1420 4226 1430 4248 ·
1456 4187 1503 4261 In
1525 4185 1688 4287 stangnis
1710 4200 1747 4261 et
1766 4182 1981 4261 molendinis
2003 4210 2068 4285 per

564 4340 688 4389 omnes
709 4314 821 4390 radias
843 4315 970 4391 diuisas
993 4316 1072 4391 suns
1094 4329 1131 4392 et
1159 4343 1243 4393 enm
1270 4319 1436 4393 omnibus
1451 4316 1674 4395 libertatibus
1691 4317 1915 4419 aysiamentis
1931 4329 1969 4393 et
1985 4342 2065 4392 aum

563 4446 730 4521 omnibus
745 4444 823 4521 aliis
835 4448 939 4544 justis
956 4449 1182 4547 pertinentiis
1198 4448 1246 4525 ad
1263 4450 1393 4525 didam
1410 4464 1543 4525 terram
1563 4450 1828 4551 pertinentibus
1845 4491 1855 4509 ·
1873 4450 2068 4525 tenendam

562 4592 599 4653 et
615 4577 816 4653 habendam
832 4578 924 4654 diets
942 4579 1122 4657 Amabilie
1138 4595 1175 4657 et
1191 4579 1383 4657 heredibus
1399 4581 1470 4656 suis
1486 4582 1533 4656 de
1549 4606 1700 4682 eorpore
1716 4582 1778 4656 suo
1794 4581 2010 4657 exeuntibus
2021 4581 2067 4655 de

562 4740 620 4788 me
637 4726 673 4788 et
688 4710 881 4789 heredibus
896 4710 985 4787 meis
1002 4712 1257 4813 inperpetuum
1274 4713 1326 4789 ita
1340 4711 1453 4789 libere
1468 4727 1507 4790 et
1519 4714 1639 4815 quiete
1655 4713 1813 4815 plenarie
1826 4726 1863 4787 et
1874 4711 2068 4789 honorifiee

561 4847 607 4921 ab
632 4844 730 4921 omni
755 4840 904 4919 seculari
930 4844 1073 4920 adlione
1097 4859 1134 4920 et
1162 4843 1341 4921 demanda
1368 4846 1458 4921 sieut
1487 4844 1635 4947 aliquod
1663 4846 1894 4947 maritaginm
1922 4845 1960 4919 in
1989 4860 2067 4921 toto

560 5004 670 5081 regno
695 4976 816 5054 Scotie
837 4975 984 5053 liberius
1008 4976 1162 5077 quietius
1183 4976 1323 5080 plenius
1340 4994 1377 5057 et
1402 4978 1698 5057 honorificentius
1721 4979 1766 5054 ab
1791 4976 1910 5078 aliquo
1935 4979 2066 5053 oomite

1801 5170 1822 5220 θ
