5734 6700
1078 702 1158 777 DE
1190 700 1594 780 INOHAFFERY.

580 1045 651 1147 De
668 1068 831 1146 libertate
849 1069 993 1148 tollenei
1013 1113 1022 1130 ·

534 1341 558 1413 9
576 1307 796 1412 Alexander
805 1332 879 1412 Dei
891 1335 1005 1438 gratia
1016 1336 1099 1410 Rex
1110 1335 1316 1411 Scottorum
1330 1333 1495 1410 omnibus
1512 1333 1633 1435 probia
1645 1333 1851 1410 hominibus
1867 1333 1977 1409 totins
1994 1347 2088 1409 terre

574 1470 635 1544 sue
656 1467 803 1546 salutern
830 1467 959 1546 Sciatis
976 1497 1035 1546 mc
1049 1469 1243 1546 coneoiiiffe
1259 1468 1440 1544 canonicis
1456 1468 1502 1543 de
1519 1467 1727 1570 Inebaffiyn
1743 1483 1783 1544 vt
1797 1468 1910 1570 quieti
1933 1470 2001 1544 {int
2022 1493 2089 1569 per

575 1616 688 1678 totam
713 1619 846 1680 terram
871 1631 991 1682 meam
1013 1605 1059 1680 de
1077 1602 1274 1680 Tholleneo
1300 1617 1336 1678 et
1361 1602 1614 1678 consuetudine
1637 1602 1685 1678 de
1709 1601 1778 1677 hiis
1801 1629 1873 1704 que
1896 1616 2018 1679 ament
2041 1602 2091 1676 ad

573 1737 655 1812 usus
672 1765 793 1814 eorum
811 1739 973 1839 proprios
1004 1780 1012 1798 ·
1045 1736 1168 1826 Quare
1193 1735 1364 1838 prohibeo
1389 1737 1541 1813 firmiter
1565 1764 1611 1812 ne
1636 1737 1716 1837 quia
1735 1763 1796 1814 eos
1815 1738 1944 1838 injuste
1960 1763 2088 1813 vexare

572 1871 753 1974 presumat
768 1873 946 1975 exigendo
962 1871 1009 1947 de
1023 1871 1076 1946 eis
1093 1867 1279 1946 tollenium
1294 1868 1352 1946 vel
1367 1871 1658 1946 consuetudinem
1674 1871 1829 1972 aliquam
1855 1873 1900 1948 de
1925 1869 1993 1946 hiia
2017 1898 2088 1972 que

572 2014 694 2080 emeat
705 2005 757 2079 ad
773 2005 852 2080 vsue
870 2029 994 2080 eorum
1011 2003 1173 2105 proprios
1189 2003 1293 2105 super
1310 2025 1428 2079 meam
1444 2002 1687 2079 defcncionem
1707 2003 1895 2079 uestibus
1906 2003 2086 2080 Willebno

573 2137 619 2211 de
638 2135 774 2212 Boscho
799 2135 1007 2212 macellaria
1031 2161 1112 2212 meo
1141 2175 1151 2194 ·
1178 2135 1307 2212 comite
1329 2133 1525 2220 malcolmo
1549 2137 1596 2210 de
1617 2137 1700 2237 ffyff
1721 2175 1731 2196 ·
1756 2136 1854 2238 apud
1878 2135 2087 2237 Streuyllyn

572 2269 712 2346 decimo
728 2270 788 2346 die
805 2269 930 2353 martii
950 2313 958 2328 ·

575 2638 699 2741 Cae
715 2663 760 2740 a
776 2691 850 2742 una
866 2663 988 2742 taam
1001 2663 1114 2740 farine
1131 2663 1177 2740 aa
1195 2663 1529 2740 ontimana·

508 2908 554 2980 1⁰
572 2905 770 3010 Omnibus
793 2928 863 3008 boo
882 2932 1053 3033 seriptum
1069 2932 1192 3007 visuris
1208 2930 1264 3007 vel
1281 2931 1456 3008 audituris
1473 2931 1661 3034 Fergndaa
1684 2931 1779 3008 filine
1795 2932 1952 3010 Giiberti
1969 2961 2083 3036 qnon-

571 3068 655 3142 dam
672 3065 811 3142 comitia
827 3067 873 3143 de
890 3065 1106 3168 Stratberyn
1122 3064 1269 3142 salutem
1286 3067 1324 3141 in
1341 3066 1502 3142 Domino
1529 3106 1540 3125 ·
1570 3065 1726 3142 Nouerit
1744 3067 1951 3143 vninerfitae
1972 3069 2087 3144 vestra

569 3227 629 3276 me
645 3201 777 3277 deffle
795 3201 989 3277 eonoessiffe
1004 3215 1042 3276 et
1058 3199 1127 3275 hae
1143 3200 1297 3302 presenti
1314 3214 1412 3276 carta
1428 3226 1509 3277 mea
1523 3200 1740 3278 confirmatio
1756 3203 1803 3278 de
1817 3229 1878 3278 me
1894 3217 1931 3278 et
1946 3202 2088 3280 beredi-

568 3335 637 3411 bus
654 3335 743 3411 mein
760 3333 842 3410 Deo
859 3347 896 3410 et
912 3334 1027 3410 sancio
1045 3331 1069 3409 J
1071 3332 1204 3409 obanni
1219 3331 1392 3433 Apostolo
1409 3347 1447 3409 et
1463 3332 1692 3435 Euangeliste
1708 3333 1755 3411 de
1772 3333 1892 3412 Insula
1906 3335 2085 3412 mifi'arurn

569 3482 606 3545 et
622 3468 759 3545 Abbati
784 3483 822 3545 et
847 3468 1025 3544 canonicis
1048 3468 1181 3545 ibidem
1199 3467 1282 3545 Deo
1303 3467 1537 3544 seruientibus
1558 3482 1596 3543 et
1615 3468 1798 3545 semitarie
1814 3470 1852 3543 in
1868 3485 2084 3572 perpetuum

568 3629 679 3678 unam
703 3601 858 3678 oeidranr
883 3602 996 3677 farine
1013 3628 1128 3677 auene
1152 3602 1191 3675 in
1212 3600 1295 3677 villa
1308 3601 1358 3677 de
1373 3600 1663 3678 Oncbtirmakan
1687 3603 1751 3677 fibi
1773 3618 1812 3679 et
1835 3603 2084 3681 fucoefl‘oribue

567 3736 637 3811 suis
658 3736 697 3811 in
716 3751 930 3838 perpetuum
948 3735 993 3811 de
1010 3762 1068 3811 me
1086 3749 1123 3811 et
1139 3733 1330 3811 heredibus
1347 3736 1436 3811 meis
1451 3762 1518 3837 per
1533 3762 1661 3811 manus
1677 3736 1822 3812 firmarii
1838 3739 1910 3814 mei
1926 3738 2082 3840 ejusdem

567 3871 648 3949 ville
664 3872 850 3947 annuatim
866 3871 1133 3971 percipiendam
1150 3897 1216 3972 pro
1227 3868 1337 3946 salute
1350 3870 1468 3981 anime
1479 3896 1560 3945 mee
1571 3870 1767 3946 amicorum
1779 3886 1817 3947 et
1828 3873 2082 3949 anteoefl'orum

567 4032 729 4082 meorum
752 4047 761 4065 ·
787 4020 825 4081 et
839 4005 888 4079 ad
903 4006 1124 4081 securitatem
1142 4003 1322 4079 solutionis
1339 4003 1430 4080 didte
1446 4002 1560 4079 farine
1575 4003 1681 4078 dietis
1697 4005 1818 4079 abbati
1834 4020 1872 4081 et
1888 4004 2082 4083 (lenonicia

567 4137 614 4211 ad
628 4135 756 4212 festum
771 4136 879 4212 anei
895 4135 1070 4212 Jobannis
1084 4134 1242 4237 Baptista
1259 4136 1298 4209 in
1314 4137 1421 4211 estate
1437 4138 1510 4211 fine
1526 4135 1645 4234 aliqua
1660 4134 1880 4212 canelatione
1895 4138 2081 4213 annuatim

566 4267 766 4343 faciendam
781 4294 840 4344 me
860 4284 897 4345 et
915 4267 1064 4343 heredes
1080 4292 1179 4343 meos
1195 4266 1315 4368 obligo
1332 4267 1596 4370 imperpetuum
1625 4312 1634 4329 ·
1663 4269 1710 4345 In
1729 4269 1838 4368 hujus
1853 4271 1905 4345 rei
1922 4272 2080 4348 testimo-

566 4402 667 4475 nium
676 4400 825 4502 tigillum
836 4428 958 4477 meum
967 4426 1038 4476 vna
1050 4426 1131 4477 oum
1144 4399 1253 4503 tigillo
1265 4399 1475 4477 venerabilia
1486 4402 1598 4502 patrie
1612 4444 1622 4463 ·
1635 4402 1668 4479 C
1681 4446 1691 4463 ·
1702 4402 1965 4480 Dnnblanenfie
1975 4404 2079 4508 Epis-

566 4536 647 4637 oopi
672 4550 709 4612 et
732 4536 871 4611 domini
886 4539 931 4621 α)
949 4578 959 4596 ·
986 4534 1124 4612 comitis
1141 4537 1187 4611 de
1205 4534 1421 4639 Stratberyn
1443 4536 1528 4612 hnic
1549 4536 1677 4639 scripto
1701 4538 1835 4640 apponi
1858 4542 2049 4640 procuraui
2066 4582 2077 4604 ·

567 4668 649 4747 Hiie
661 4670 807 4748 testibus
820 4670 853 4748 0
868 4671 948 4747 -doi
957 4671 1073 4773 gratia
1088 4670 1264 4773 Episcopo
1280 4670 1514 4747 dnnblanenfi
1531 4710 1542 4730 ·
1559 4672 1604 4753 α)
1617 4711 1627 4732 ·
1644 4668 1788 4749 Gemite
1799 4674 1847 4750 de
1860 4672 2077 4779 Stratberyn
