5734 6700
1035 760 1109 834 DE
1141 758 1548 836 INOHAFFERY.
2003 767 2052 843 47

537 999 627 1075 torio
657 997 774 1072 nostro
803 1009 840 1072 et
869 993 1005 1096 capella
1034 1007 1070 1068 et
1100 993 1177 1068 aliis
1202 992 1307 1068 terris
1337 990 1670 1097 circumjacentibus
1699 994 1786 1068 ficut
1812 993 1977 1070 fossatum
2003 995 2052 1068 est

537 1133 810 1230 circumquaque
829 1171 838 1189 ·
864 1128 1009 1204 tandem
1027 1125 1142 1202 omnis
1166 1124 1209 1200 lis
1236 1140 1273 1201 et
1298 1125 1481 1201 contentio
1499 1127 1604 1226 super
1620 1125 1721 1201 dietis
1745 1127 1849 1203 terris
1873 1141 1972 1202 mota
1996 1125 2051 1202 vel

536 1264 714 1340 mouenda
740 1262 779 1337 in
803 1262 900 1338 hunc
924 1261 1072 1336 modum
1098 1259 1234 1359 quieuit
1260 1259 1422 1335 videlicet
1453 1259 1549 1358 quod
1578 1259 1692 1336 dietus
1722 1261 1902 1336 Trestram
1932 1273 2049 1336 totum

531 1403 593 1498 jus
618 1413 655 1474 et
680 1397 854 1473 clameum
879 1394 975 1496 quod
997 1391 1122 1469 habuit
1147 1392 1202 1467 vel
1227 1392 1357 1468 habere
1381 1393 1500 1493 potuit
1525 1393 1564 1467 in
1588 1392 1735 1492 prefatis
1761 1395 1863 1469 terris
1888 1394 1991 1469 nobis
2011 1407 2048 1470 et

535 1531 780 1609 succefl'oribue
797 1530 921 1606 nostris
939 1555 1004 1631 pro
1022 1529 1056 1603 se
1073 1543 1109 1604 et
1125 1528 1315 1604 heredibus
1331 1527 1400 1602 suis
1418 1529 1457 1601 in
1473 1542 1686 1629 perpetuum
1703 1529 1863 1629 quietum
1880 1527 2046 1604 clamauit

535 1663 630 1742 saluo
654 1665 692 1739 in
718 1664 881 1740 omnibus
902 1665 985 1761 jure
1001 1663 1138 1738 domiui
1160 1663 1269 1737 nostri
1289 1663 1428 1738 comitis
1448 1663 1494 1738 de
1516 1662 1759 1764 Stratheryu·
1785 1663 2046 1740 Renunciando

535 1823 677 1899 quoque
695 1823 761 1898 pro
785 1795 858 1898 ipso
879 1810 915 1872 et
931 1795 1122 1870 heredibus
1139 1795 1207 1869 suis
1231 1795 1429 1896 impetratis
1452 1811 1490 1871 et
1512 1795 1745 1897 impetrandis
1767 1797 1980 1873 omnimodis
1997 1825 2044 1874 ne

534 1931 581 2006 de
605 1945 724 2006 cetero
749 1955 814 2004 nos
838 1942 901 2004 aut
920 1928 1127 2003 succederes
1152 1929 1287 2003 nostros
1306 1928 1410 2029 super
1435 1929 1535 2004 dieis
1559 1929 1661 2004 terris
1686 1930 1724 2003 in
1749 1957 1877 2032 puram
1902 1945 1939 2006 et
1963 1957 2042 2033 per-

535 2077 680 2164 petuam
697 2076 734 2138 et
748 2061 896 2138 liberam
912 2060 1134 2136 elemoiinam
1151 2059 1253 2136 nobis
1270 2063 1436 2138 conoeffis
1453 2077 1490 2137 et
1509 2061 1702 2163 permulta
1717 2077 1880 2164 tempora
1896 2064 2043 2165 pacifice

534 2197 683 2298 pnfl‘eflis
706 2197 746 2270 in
768 2195 842 2272 foro
864 2192 989 2296 laycali
1011 2191 1068 2268 vol
1093 2192 1244 2269 clericali
1268 2193 1415 2295 fatigare
1438 2196 1617 2296 presumat
1641 2239 1650 2257 ·
1675 2195 1756 2272 Nos
1781 2223 1864 2272 vero
1885 2197 2041 2298 predicto

536 2329 714 2404 Trestram
740 2342 777 2404 et
801 2325 952 2404 Oristine
974 2327 1095 2428 sponse
1119 2327 1178 2401 sue
1203 2340 1240 2402 et
1261 2326 1452 2403 heredibus
1474 2329 1542 2402 suis
1566 2329 1823 2405 fraternitatem
1845 2331 2041 2413 monasterii

535 2463 641 2537 nostri
657 2463 695 2536 in
712 2461 928 2536 orationibus
945 2459 1139 2536 elemosinis
1155 2460 1354 2560 martilogio
1370 2475 1406 2537 et
1427 2462 1554 2538 ceteris
1579 2463 1680 2539 bonis
1699 2489 1768 2562 que
1784 2463 1914 2539 brerint
1930 2489 2041 2563 geue-

534 2596 653 2672 reJiter
669 2623 735 2698 pro
753 2595 986 2672 confratribus
1004 2593 1128 2669 nostris
1145 2595 1329 2669 caritatiue
1346 2597 1573 2670 concedimus
1596 2611 1633 2672 et
1654 2595 1723 2672 hoc
1739 2596 1834 2672 idem
1850 2595 2040 2673 heredibus

534 2730 687 2830 ipsomm
709 2727 934 2802 concedimus
954 2727 979 2800 fi
1003 2725 1072 2800 hoe
1096 2725 1279 2801 caritatiue
1304 2727 1471 2827 petierint
1497 2770 1505 2788 ·
1533 2727 1771 2804 Oonceffimus
1794 2728 1903 2804 etiam
1922 2727 2038 2804 eidem

535 2859 713 2935 Trestram
736 2873 773 2935 et
797 2857 986 2934 herodibus
1011 2857 1080 2931 suis
1105 2871 1281 2957 quatenus
1304 2859 1342 2932 in
1367 2858 1470 2934 nobis
1497 2861 1547 2935 est
1570 2859 1668 2959 quod
1690 2859 1845 2936 habeant
1870 2859 2040 2960 capellam

533 2993 629 3068 suam
642 2993 760 3094 inqua
772 2993 822 3066 eis
834 2991 960 3093 poffint
970 2991 1092 3064 diuina
1105 2989 1271 3066 celebrari
1281 2989 1375 3066 salua
1387 2992 1423 3066 in
1434 2993 1597 3068 omuibus
1613 2993 1872 3096 indempnitate
1883 2995 2039 3070 matricis

533 3126 672 3204 ecelefie
690 3166 700 3188 ·
719 3126 781 3200 Ad
797 3124 864 3200 hec
881 3126 1000 3200 omnia
1016 3123 1210 3226 supradida
1224 3123 1376 3200 fideliter
1400 3126 1473 3201 srne
1489 3123 1571 3201 dolo
1586 3125 1711 3202 fraude
1726 3141 1763 3202 et
1779 3127 2039 3203 machinatione

532 3261 650 3362 aliqua
674 3286 740 3363 pro
764 3260 798 3335 se
823 3274 859 3334 et
878 3258 1067 3334 heredibus
1093 3258 1162 3332 suis
1190 3258 1406 3334 obseruanda
1431 3285 1497 3361 per
1520 3259 1630 3335 fidem
1651 3261 1748 3335 fuam
1771 3287 1911 3337 necnon
1935 3262 2037 3338 attis

531 3392 748 3469 sacrosandtis
773 3416 839 3493 per
853 3392 1108 3466 sacramentum
1133 3392 1232 3465 suum
1253 3390 1433 3493 corporale
1450 3393 1484 3467 se
1506 3392 1675 3494 obligauit
1700 3407 1737 3469 et
1760 3419 1825 3468 nos
1847 3420 1913 3495 pro
1936 3396 2037 3470 nobis

531 3542 568 3603 et
588 3526 831 3602 succefforibus
854 3524 978 3599 nostris
999 3524 1094 3599 idem
1114 3524 1260 3599 fecimus
1282 3564 1292 3584 ·
1315 3525 1360 3599 In
1381 3528 1484 3627 cnjus
1504 3527 1556 3601 rei
1575 3527 1813 3602 testimonium
1836 3527 1919 3603 huic
1942 3544 2037 3605 carte

531 3658 578 3733 ad
594 3658 741 3733 modum
757 3656 979 3759 cyrographi
994 3656 1148 3731 eonfedte
1163 3658 1360 3731 remanenti
1378 3658 1629 3760 inperpetuum
1644 3685 1754 3759 penes
1772 3686 1837 3735 nos
1854 3676 1890 3735 et
1905 3662 2037 3736 succes-

530 3794 622 3869 sores
639 3793 773 3866 nostros
789 3790 939 3891 tigillum
956 3790 1038 3865 didti
1055 3789 1234 3865 ‘I'restram
1255 3806 1292 3865 et
1308 3791 1443 3865 domiui
1459 3790 1587 3874 maini
1604 3792 1741 3867 comitis
1758 3793 1804 3869 de
1821 3793 2035 3894 Stratheryn

531 3928 611 4002 sunt
627 3926 779 4027 appensa
795 3940 831 4001 et
846 3925 940 4027 parti
964 3926 1162 4001 remanenti
1187 3952 1296 4027 penes
1314 3926 1447 4001 dietum
1471 3926 1642 4003 Tristram
1667 3942 1704 4003 et
1725 3927 1874 4004 heredes
1896 3928 1975 4003 suos
1997 3929 2034 4002 in

531 4070 742 4159 perpetuum
759 4055 907 4157 sigillum
924 4082 1112 4132 commune
1130 4057 1273 4158 capituli
1291 4057 1398 4131 nostri
1414 4070 1451 4132 et
1462 4057 1668 4133 venerabilis
1683 4059 1794 4159 patris
1812 4059 1961 4134 Roberti
1977 4059 2034 4134 dei

531 4190 645 4289 gratia
660 4188 922 4263 Dunblanenhs
939 4188 1090 4289 episcopi
1108 4190 1188 4264 sunt
1205 4190 1357 4291 appensa
1375 4232 1383 4251 ·
1401 4189 1542 4266 Datum
1557 4191 1654 4293 apud
1676 4191 1831 4266 insulam
1848 4190 2033 4273 miffarurn

533 4320 704 4395 diefandti
715 4320 894 4396 Valentini
911 4322 1064 4396 martiris
1081 4348 1174 4398 anno
1186 4323 1298 4424 gratie
1315 4320 1496 4399 millesimo
1512 4334 1591 4399 ccmo
1606 4326 1815 4425 sexagesimo
1831 4326 1929 4402 sexto
1947 4370 1955 4389 ·
