<?xml version="1.0" encoding="UTF-8"?>
<!DOCTYPE html PUBLIC "-//W3C//DTD XHTML 1.0 Transitional//EN"
    "http://www.w3.org/TR/xhtml1/DTD/xhtml1-transitional.dtd">
<html xmlns="http://www.w3.org/1999/xhtml" xml:lang="en" lang="en">
 <head>
  <title>
</title>
<meta http-equiv="Content-Type" content="text/html;charset=utf-8" />
  <meta name='ocr-system' content='tesseract 3.04.00' />
  <meta name='ocr-capabilities' content='ocr_page ocr_carea ocr_par ocr_line ocrx_word'/>
</head>
<body>
  <div class='ocr_page' id='page_1' title='image "./liberinsulemiss00innegoog_0051.png"; bbox 0 0 5734 6700; ppageno 0'>
   <div class='ocr_carea' id='block_1_1' title="bbox 1193 821 2081 914">
    <p class='ocr_par' dir='ltr' id='par_1_1' title="bbox 1193 821 2081 914">
     <span class='ocr_line' id='line_1_1' title="bbox 1193 821 2081 914; baseline -0.002 -1"><span class='ocrx_word' id='word_1_1' title='bbox 1193 847 1461 913; x_wconf 78' lang='lat' dir='ltr'><strong>urruumx.</strong></span> <span class='ocrx_word' id='word_1_2' title='bbox 1657 821 1672 914; x_wconf 79' lang='lat' dir='ltr'><em>f</em></span> <span class='ocrx_word' id='word_1_3' title='bbox 2005 847 2081 911; x_wconf 73' lang='lat' dir='ltr'><strong>nu</strong></span> 
     </span>
    </p>
   </div>
   <div class='ocr_carea' id='block_1_2' title="bbox 571 1167 2079 1540">
    <p class='ocr_par' dir='ltr' id='par_1_2' title="bbox 571 1167 2079 1540">
     <span class='ocr_line' id='line_1_2' title="bbox 572 1167 2079 1300; baseline 0.001 -30"><span class='ocrx_word' id='word_1_4' title='bbox 572 1167 793 1272; x_wconf 76' lang='lat' dir='ltr'><strong>Alexander</strong></span> <span class='ocrx_word' id='word_1_5' title='bbox 809 1195 862 1271; x_wconf 91' lang='lat' dir='ltr'><strong>II.</strong></span> <span class='ocrx_word' id='word_1_6' title='bbox 879 1195 961 1272; x_wconf 86' lang='lat' dir='ltr'><strong>Rex</strong></span> <span class='ocrx_word' id='word_1_7' title='bbox 979 1196 1169 1276; x_wconf 78' lang='lat' dir='ltr'><strong>Scotorum</strong></span> <span class='ocrx_word' id='word_1_8' title='bbox 1185 1201 1374 1276; x_wconf 86' lang='lat' dir='ltr'><strong>confirmet</strong></span> <span class='ocrx_word' id='word_1_9' title='bbox 1388 1199 1553 1300; x_wconf 80' lang='lat' dir='ltr'><strong>Coughal</strong></span> <span class='ocrx_word' id='word_1_10' title='bbox 1567 1198 1642 1275; x_wconf 89' lang='lat' dir='ltr'><strong>filio</strong></span> <span class='ocrx_word' id='word_1_11' title='bbox 1658 1198 1847 1276; x_wconf 87' lang='lat' dir='ltr'><strong>Doneoaui</strong></span> <span class='ocrx_word' id='word_1_12' title='bbox 1862 1199 1926 1273; x_wconf 85' lang='lat' dir='ltr'><strong>filii</strong></span> <span class='ocrx_word' id='word_1_13' title='bbox 1944 1198 2079 1273; x_wconf 85' lang='lat' dir='ltr'><strong>Malisii</strong></span> 
     </span>
     <span class='ocr_line' id='line_1_3' title="bbox 572 1325 2078 1430; baseline 0.001 -28"><span class='ocrx_word' id='word_1_14' title='bbox 572 1359 584 1414; x_wconf 67' lang='grc' dir='ltr'><em>ι</em></span> <span class='ocrx_word' id='word_1_15' title='bbox 603 1325 1049 1430; x_wconf 78' lang='lat' dir='ltr'><strong>Tulichbardene1quam</strong></span> <span class='ocrx_word' id='word_1_16' title='bbox 1072 1329 1254 1410; x_wconf 87' lang='lat' dir='ltr'><strong>Robertus</strong></span> <span class='ocrx_word' id='word_1_17' title='bbox 1271 1359 1390 1409; x_wconf 87' lang='lat' dir='ltr'><strong>comes</strong></span> <span class='ocrx_word' id='word_1_18' title='bbox 1407 1332 1453 1408; x_wconf 93' lang='lat' dir='ltr'><strong>de</strong></span> <span class='ocrx_word' id='word_1_19' title='bbox 1472 1331 1693 1408; x_wconf 84' lang='lat' dir='ltr'><strong>Stradherne</strong></span> <span class='ocrx_word' id='word_1_20' title='bbox 1711 1331 1860 1407; x_wconf 83' lang='lat' dir='ltr'>dederat</span> <span class='ocrx_word' id='word_1_21' title='bbox 1881 1375 1890 1391; x_wconf 92' lang='lat'><strong>·</strong></span> <span class='ocrx_word' id='word_1_22' title='bbox 1915 1332 2021 1430; x_wconf 83' lang='lat' dir='ltr'><strong>Orig.</strong></span> <span class='ocrx_word' id='word_1_23' title='bbox 2038 1335 2078 1404; x_wconf 81' lang='lat' dir='ltr'><strong>in</strong></span> 
     </span>
     <span class='ocr_line' id='line_1_4' title="bbox 571 1459 1118 1540; baseline 0.009 -7"><span class='ocrx_word' id='word_1_24' title='bbox 571 1460 727 1536; x_wconf 66' lang='lat' dir='ltr'><strong>cottus</strong></span> <span class='ocrx_word' id='word_1_25' title='bbox 742 1459 918 1538; x_wconf 65' lang='grc' dir='ltr'><strong>Πυθαέως</strong></span> <span class='ocrx_word' id='word_1_26' title='bbox 934 1464 978 1538; x_wconf 78' lang='lat' dir='ltr'><strong>de</strong></span> <span class='ocrx_word' id='word_1_27' title='bbox 996 1463 1118 1540; x_wconf 68' lang='lat' dir='ltr'><strong>Attal.</strong></span> 
     </span>
    </p>
   </div>
   <div class='ocr_carea' id='block_1_3' title="bbox 499 1696 2075 3422">
    <p class='ocr_par' dir='ltr' id='par_1_3' title="bbox 499 1696 2075 3422">
     <span class='ocr_line' id='line_1_5' title="bbox 499 1696 2075 1829; baseline 0.003 -29"><span class='ocrx_word' id='word_1_28' title='bbox 499 1733 545 1802; x_wconf 92' lang='grc'><strong>10</strong></span> <span class='ocrx_word' id='word_1_29' title='bbox 570 1696 693 1804; x_wconf 70' lang='lat' dir='ltr'><strong>Alex*</strong></span> <span class='ocrx_word' id='word_1_30' title='bbox 715 1728 790 1805; x_wconf 94' lang='lat' dir='ltr'><strong>Dei</strong></span> <span class='ocrx_word' id='word_1_31' title='bbox 813 1727 893 1806; x_wconf 74' lang='lat' dir='ltr'><strong>Gis</strong></span> <span class='ocrx_word' id='word_1_32' title='bbox 913 1729 995 1806; x_wconf 85' lang='lat' dir='ltr'><strong>Rex</strong></span> <span class='ocrx_word' id='word_1_33' title='bbox 1020 1728 1136 1806; x_wconf 79' lang='lat' dir='ltr'><strong>Scott⁴</strong></span> <span class='ocrx_word' id='word_1_34' title='bbox 1155 1728 1333 1805; x_wconf 80' lang='lat' dir='ltr'>Omnibus</span> <span class='ocrx_word' id='word_1_35' title='bbox 1356 1728 1477 1829; x_wconf 83' lang='lat' dir='ltr'>probis</span> <span class='ocrx_word' id='word_1_36' title='bbox 1497 1728 1702 1804; x_wconf 89' lang='lat' dir='ltr'><strong>hominibus</strong></span> <span class='ocrx_word' id='word_1_37' title='bbox 1724 1730 1853 1806; x_wconf 89' lang='lat' dir='ltr'><strong>Totius</strong></span> <span class='ocrx_word' id='word_1_38' title='bbox 1874 1730 1988 1806; x_wconf 90' lang='lat' dir='ltr'><strong>Terre</strong></span> <span class='ocrx_word' id='word_1_39' title='bbox 2011 1759 2075 1805; x_wconf 89' lang='lat' dir='ltr'><strong>sue</strong></span> 
     </span>
     <span class='ocr_line' id='line_1_6' title="bbox 571 1859 2074 1964; baseline 0.003 -30"><span class='ocrx_word' id='word_1_40' title='bbox 571 1859 689 1935; x_wconf 76' lang='lat' dir='ltr'><strong>Salim</strong></span> <span class='ocrx_word' id='word_1_41' title='bbox 703 1905 711 1922; x_wconf 92' lang='lat'><strong>·</strong></span> <span class='ocrx_word' id='word_1_42' title='bbox 726 1860 849 1938; x_wconf 84' lang='lat' dir='ltr'><strong>Sciant</strong></span> <span class='ocrx_word' id='word_1_43' title='bbox 861 1876 1044 1962; x_wconf 75' lang='lat' dir='ltr'><strong>presentes</strong></span> <span class='ocrx_word' id='word_1_44' title='bbox 1055 1889 1079 1964; x_wconf 85' lang='lat'><em>7</em></span> <span class='ocrx_word' id='word_1_45' title='bbox 1091 1861 1204 1938; x_wconf 86' lang='lat' dir='ltr'><strong>futuri</strong></span> <span class='ocrx_word' id='word_1_46' title='bbox 1216 1887 1282 1938; x_wconf 89' lang='lat' dir='ltr'><strong>uos</strong></span> <span class='ocrx_word' id='word_1_47' title='bbox 1295 1861 1523 1962; x_wconf 82' lang='lat' dir='ltr'><strong>eoneeffill&#39;e7</strong></span> <span class='ocrx_word' id='word_1_48' title='bbox 1535 1860 1602 1936; x_wconf 84' lang='lat' dir='ltr'><strong>hec</strong></span> <span class='ocrx_word' id='word_1_49' title='bbox 1614 1876 1712 1937; x_wconf 87' lang='lat' dir='ltr'><strong>carta</strong></span> <span class='ocrx_word' id='word_1_50' title='bbox 1729 1877 1850 1938; x_wconf 89' lang='lat' dir='ltr'><strong>nostra</strong></span> <span class='ocrx_word' id='word_1_51' title='bbox 1859 1864 2074 1938; x_wconf 77' lang='lat' dir='ltr'><strong>confirmasse</strong></span> 
     </span>
     <span class='ocr_line' id='line_1_7' title="bbox 568 1993 2074 2097; baseline 0 -29"><span class='ocrx_word' id='word_1_52' title='bbox 568 1993 789 2071; x_wconf 71' lang='lat' dir='ltr'><strong>doemonem</strong></span> <span class='ocrx_word' id='word_1_53' title='bbox 806 1993 903 2072; x_wconf 83' lang='lat' dir='ltr'><strong>illem</strong></span> <span class='ocrx_word' id='word_1_54' title='bbox 916 2021 1024 2096; x_wconf 85' lang='lat' dir='ltr'><strong>quem</strong></span> <span class='ocrx_word' id='word_1_55' title='bbox 1036 1995 1122 2072; x_wconf 77' lang='lat' dir='ltr'><strong>Ros</strong></span> <span class='ocrx_word' id='word_1_56' title='bbox 1137 2020 1254 2071; x_wconf 89' lang='lat' dir='ltr'><strong>comes</strong></span> <span class='ocrx_word' id='word_1_57' title='bbox 1268 1995 1313 2070; x_wconf 92' lang='lat' dir='ltr'><strong>de</strong></span> <span class='ocrx_word' id='word_1_58' title='bbox 1327 1993 1529 2071; x_wconf 75' lang='lat' dir='ltr'><strong>Stradhert&#39;u</strong></span> <span class='ocrx_word' id='word_1_59' title='bbox 1539 1993 1624 2070; x_wconf 87' lang='lat' dir='ltr'><strong>fecit</strong></span> <span class='ocrx_word' id='word_1_60' title='bbox 1637 1994 1802 2097; x_wconf 82' lang='lat' dir='ltr'><strong>Oonghal</strong></span> <span class='ocrx_word' id='word_1_61' title='bbox 1814 1993 1887 2071; x_wconf 85' lang='lat' dir='ltr'><strong>tilio</strong></span> <span class='ocrx_word' id='word_1_62' title='bbox 1897 1994 2074 2072; x_wconf 82' lang='lat' dir='ltr'><strong>Donecafi</strong></span> 
     </span>
     <span class='ocr_line' id='line_1_8' title="bbox 568 2123 2073 2230; baseline 0.001 -30"><span class='ocrx_word' id='word_1_63' title='bbox 568 2123 633 2200; x_wconf 88' lang='lat' dir='ltr'><strong>lilii</strong></span> <span class='ocrx_word' id='word_1_64' title='bbox 650 2127 731 2202; x_wconf 84' lang='lat' dir='ltr'><strong>Mal</strong></span> <span class='ocrx_word' id='word_1_65' title='bbox 750 2155 803 2229; x_wconf 80' lang='lat' dir='ltr'><strong>,p</strong></span> <span class='ocrx_word' id='word_1_66' title='bbox 829 2129 994 2230; x_wconf 85' lang='lat' dir='ltr'><strong>homagio</strong></span> <span class='ocrx_word' id='word_1_67' title='bbox 1019 2155 1042 2229; x_wconf 84' lang='lat'>7</span> <span class='ocrx_word' id='word_1_68' title='bbox 1068 2128 1208 2204; x_wconf 71' lang='lat' dir='ltr'><strong>seruido</strong></span> <span class='ocrx_word' id='word_1_69' title='bbox 1234 2153 1298 2204; x_wconf 90' lang='lat' dir='ltr'><strong>suo</strong></span> <span class='ocrx_word' id='word_1_70' title='bbox 1324 2170 1332 2186; x_wconf 92' lang='lat'><strong>·</strong></span> <span class='ocrx_word' id='word_1_71' title='bbox 1355 2128 1400 2203; x_wconf 92' lang='lat' dir='ltr'><strong>de</strong></span> <span class='ocrx_word' id='word_1_72' title='bbox 1417 2127 1502 2203; x_wconf 85' lang='lat' dir='ltr'><strong>villa</strong></span> <span class='ocrx_word' id='word_1_73' title='bbox 1526 2125 1587 2202; x_wconf 89' lang='lat' dir='ltr'><strong>illa</strong></span> <span class='ocrx_word' id='word_1_74' title='bbox 1612 2129 1657 2203; x_wconf 94' lang='lat' dir='ltr'><strong>de</strong></span> <span class='ocrx_word' id='word_1_75' title='bbox 1674 2127 1988 2205; x_wconf 75' lang='lat' dir='ltr'><strong>Gatherlauenacfi</strong></span> <span class='ocrx_word' id='word_1_76' title='bbox 2003 2155 2073 2227; x_wconf 91' lang='lat' dir='ltr'><strong>que</strong></span> 
     </span>
     <span class='ocr_line' id='line_1_9' title="bbox 566 2257 2072 2363; baseline 0.002 -32"><span class='ocrx_word' id='word_1_77' title='bbox 566 2257 698 2333; x_wconf 90' lang='lat' dir='ltr'><strong>dicitur</strong></span> <span class='ocrx_word' id='word_1_78' title='bbox 715 2258 1001 2337; x_wconf 85' lang='lat' dir='ltr'><strong>Tulichbardeue</strong></span> <span class='ocrx_word' id='word_1_79' title='bbox 1027 2301 1037 2322; x_wconf 92' lang='lat'><strong>·</strong></span> <span class='ocrx_word' id='word_1_80' title='bbox 1062 2260 1217 2336; x_wconf 83' lang='lat' dir='ltr'><strong>Tenend</strong></span> <span class='ocrx_word' id='word_1_81' title='bbox 1238 2287 1261 2361; x_wconf 84' lang='lat'><strong>7</strong></span> <span class='ocrx_word' id='word_1_82' title='bbox 1283 2260 1429 2336; x_wconf 83' lang='lat' dir='ltr'><strong>habend</strong></span> <span class='ocrx_word' id='word_1_83' title='bbox 1451 2260 1569 2337; x_wconf 93' lang='lat' dir='ltr'><strong>eidem</strong></span> <span class='ocrx_word' id='word_1_84' title='bbox 1586 2260 1790 2363; x_wconf 82' lang='lat' dir='ltr'><strong>Ooughal7</strong></span> <span class='ocrx_word' id='word_1_85' title='bbox 1810 2260 1977 2360; x_wconf 79' lang='lat' dir='ltr'><strong>heredib3</strong></span> <span class='ocrx_word' id='word_1_86' title='bbox 1999 2263 2072 2335; x_wconf 88' lang='lat' dir='ltr'><strong>suis</strong></span> 
     </span>
     <span class='ocr_line' id='line_1_10' title="bbox 567 2375 2072 2494; baseline 0.005 -32"><span class='ocrx_word' id='word_1_87' title='bbox 567 2415 655 2488; x_wconf 87' lang='lat' dir='ltr'><strong>quoe</strong></span> <span class='ocrx_word' id='word_1_88' title='bbox 672 2390 717 2466; x_wconf 88' lang='lat' dir='ltr'><strong>de</strong></span> <span class='ocrx_word' id='word_1_89' title='bbox 733 2392 819 2466; x_wconf 91' lang='lat' dir='ltr'><strong>Ada</strong></span> <span class='ocrx_word' id='word_1_90' title='bbox 834 2391 909 2468; x_wconf 86' lang='lat' dir='ltr'><strong>lille</strong></span> <span class='ocrx_word' id='word_1_91' title='bbox 927 2391 1068 2468; x_wconf 81' lang='lat' dir='ltr'><strong>Radull</strong></span> <span class='ocrx_word' id='word_1_92' title='bbox 1087 2419 1218 2492; x_wconf 87' lang='lat' dir='ltr'><strong>sponse</strong></span> <span class='ocrx_word' id='word_1_93' title='bbox 1239 2419 1304 2468; x_wconf 88' lang='lat' dir='ltr'><strong>sua</strong></span> <span class='ocrx_word' id='word_1_94' title='bbox 1324 2391 1447 2469; x_wconf 83' lang='lat' dir='ltr'><strong>liuerit</strong></span> <span class='ocrx_word' id='word_1_95' title='bbox 1466 2435 1475 2454; x_wconf 92' lang='lat'><strong>·</strong></span> <span class='ocrx_word' id='word_1_96' title='bbox 1494 2393 1540 2468; x_wconf 93' lang='lat' dir='ltr'><strong>de</strong></span> <span class='ocrx_word' id='word_1_97' title='bbox 1562 2375 1683 2494; x_wconf 69' lang='lat' dir='ltr'><strong>{ldiso</strong></span> <span class='ocrx_word' id='word_1_98' title='bbox 1705 2435 1715 2454; x_wconf 91' lang='lat'><strong>·</strong></span> <span class='ocrx_word' id='word_1_99' title='bbox 1738 2393 1776 2469; x_wconf 85' lang='lat' dir='ltr'>R</span> <span class='ocrx_word' id='word_1_100' title='bbox 1803 2437 1811 2453; x_wconf 92' lang='lat'><strong>·</strong></span> <span class='ocrx_word' id='word_1_101' title='bbox 1833 2397 1911 2469; x_wconf 72' lang='lat' dir='ltr'><strong>coris</strong></span> <span class='ocrx_word' id='word_1_102' title='bbox 1929 2421 1952 2494; x_wconf 84' lang='lat'>7</span> <span class='ocrx_word' id='word_1_103' title='bbox 1968 2395 2072 2470; x_wconf 87' lang='lat' dir='ltr'><strong>here-</strong></span> 
     </span>
     <span class='ocr_line' id='line_1_11' title="bbox 566 2519 2072 2627; baseline 0.005 -34"><span class='ocrx_word' id='word_1_104' title='bbox 566 2519 672 2597; x_wconf 84' lang='lat' dir='ltr'>dibus</span> <span class='ocrx_word' id='word_1_105' title='bbox 694 2524 767 2600; x_wconf 90' lang='lat' dir='ltr'><strong>suis</strong></span> <span class='ocrx_word' id='word_1_106' title='bbox 789 2525 829 2599; x_wconf 91' lang='lat' dir='ltr'><strong>iu</strong></span> <span class='ocrx_word' id='word_1_107' title='bbox 846 2524 951 2600; x_wconf 83' lang='lat' dir='ltr'><strong>feodo</strong></span> <span class='ocrx_word' id='word_1_108' title='bbox 978 2553 1001 2624; x_wconf 83' lang='lat'><em>7</em></span> <span class='ocrx_word' id='word_1_109' title='bbox 1026 2525 1224 2601; x_wconf 86' lang='lat' dir='ltr'><strong>hereditate</strong></span> <span class='ocrx_word' id='word_1_110' title='bbox 1245 2553 1271 2627; x_wconf 88' lang='lat' dir='ltr'><strong>p</strong></span> <span class='ocrx_word' id='word_1_111' title='bbox 1294 2527 1407 2602; x_wconf 77' lang='lat' dir='ltr'><strong>redies</strong></span> <span class='ocrx_word' id='word_1_112' title='bbox 1427 2526 1560 2601; x_wconf 87' lang='lat' dir='ltr'><strong>diuisas</strong></span> <span class='ocrx_word' id='word_1_113' title='bbox 1583 2551 1665 2600; x_wconf 85' lang='lat' dir='ltr'><strong>suas</strong></span> <span class='ocrx_word' id='word_1_114' title='bbox 1683 2553 1708 2626; x_wconf 89' lang='grc'><strong>7</strong></span> <span class='ocrx_word' id='word_1_115' title='bbox 1727 2552 1810 2600; x_wconf 90' lang='lat' dir='ltr'><strong>oum</strong></span> <span class='ocrx_word' id='word_1_116' title='bbox 1833 2527 1947 2626; x_wconf 76' lang='lat' dir='ltr'><strong>offiib3</strong></span> <span class='ocrx_word' id='word_1_117' title='bbox 1970 2527 2072 2601; x_wconf 88' lang='lat' dir='ltr'><strong>iustis</strong></span> 
     </span>
     <span class='ocr_line' id='line_1_12' title="bbox 565 2654 2069 2760; baseline 0 -28"><span class='ocrx_word' id='word_1_118' title='bbox 565 2654 751 2752; x_wconf 84' lang='lat' dir='ltr'><strong>ptinentiis</strong></span> <span class='ocrx_word' id='word_1_119' title='bbox 769 2657 843 2732; x_wconf 88' lang='lat' dir='ltr'><strong>suis</strong></span> <span class='ocrx_word' id='word_1_120' title='bbox 858 2657 937 2733; x_wconf 87' lang='lat' dir='ltr'><strong>·Ita</strong></span> <span class='ocrx_word' id='word_1_121' title='bbox 951 2655 1062 2732; x_wconf 88' lang='lat' dir='ltr'><strong>libere</strong></span> <span class='ocrx_word' id='word_1_122' title='bbox 1078 2657 1198 2757; x_wconf 90' lang='lat' dir='ltr'><strong>quiete</strong></span> <span class='ocrx_word' id='word_1_123' title='bbox 1210 2700 1218 2718; x_wconf 92' lang='lat'><em>·</em></span> <span class='ocrx_word' id='word_1_124' title='bbox 1232 2657 1391 2758; x_wconf 82' lang='lat' dir='ltr'><strong>plenarie</strong></span> <span class='ocrx_word' id='word_1_125' title='bbox 1406 2683 1430 2760; x_wconf 85' lang='lat'>7</span> <span class='ocrx_word' id='word_1_126' title='bbox 1447 2657 1642 2734; x_wconf 86' lang='lat' dir='ltr'><strong>honorifice</strong></span> <span class='ocrx_word' id='word_1_127' title='bbox 1659 2697 1668 2718; x_wconf 91' lang='lat'><strong>·</strong></span> <span class='ocrx_word' id='word_1_128' title='bbox 1687 2658 1780 2733; x_wconf 89' lang='lat' dir='ltr'><strong>sicut</strong></span> <span class='ocrx_word' id='word_1_129' title='bbox 1796 2671 1895 2734; x_wconf 85' lang='lat' dir='ltr'><strong>carte</strong></span> <span class='ocrx_word' id='word_1_130' title='bbox 1912 2658 1990 2733; x_wconf 79' lang='lat' dir='ltr'><strong>dei·</strong></span> <span class='ocrx_word' id='word_1_131' title='bbox 2006 2659 2041 2732; x_wconf 87' lang='lat' dir='ltr'>R</span> <span class='ocrx_word' id='word_1_132' title='bbox 2061 2702 2069 2718; x_wconf 93' lang='lat'><strong>·</strong></span> 
     </span>
     <span class='ocr_line' id='line_1_13' title="bbox 565 2769 2067 2892; baseline -0.001 -25"><span class='ocrx_word' id='word_1_133' title='bbox 565 2793 645 2868; x_wconf 75' lang='lat' dir='ltr'><strong>eom</strong></span> <span class='ocrx_word' id='word_1_134' title='bbox 660 2789 744 2865; x_wconf 91' lang='lat' dir='ltr'><strong>inde</strong></span> <span class='ocrx_word' id='word_1_135' title='bbox 759 2769 853 2891; x_wconf 69' lang='lat' dir='ltr'><strong>{idco</strong></span> <span class='ocrx_word' id='word_1_136' title='bbox 867 2787 1031 2891; x_wconf 81' lang='lat' dir='ltr'><strong>Oonghal</strong></span> <span class='ocrx_word' id='word_1_137' title='bbox 1044 2788 1183 2892; x_wconf 79' lang='lat' dir='ltr'><strong>plenius</strong></span> <span class='ocrx_word' id='word_1_138' title='bbox 1196 2789 1324 2866; x_wconf 74' lang='lat' dir='ltr'><strong>confoe</strong></span> <span class='ocrx_word' id='word_1_139' title='bbox 1336 2833 1344 2850; x_wconf 94' lang='lat'><strong>·</strong></span> <span class='ocrx_word' id='word_1_140' title='bbox 1355 2790 1449 2866; x_wconf 88' lang='lat' dir='ltr'><strong>iuste</strong></span> <span class='ocrx_word' id='word_1_141' title='bbox 1465 2803 1617 2866; x_wconf 89' lang='lat' dir='ltr'><strong>testatur</strong></span> <span class='ocrx_word' id='word_1_142' title='bbox 1630 2833 1639 2850; x_wconf 93' lang='lat'><strong>·</strong></span> <span class='ocrx_word' id='word_1_143' title='bbox 1653 2790 1751 2866; x_wconf 90' lang='lat' dir='ltr'><strong>saluo</strong></span> <span class='ocrx_word' id='word_1_144' title='bbox 1761 2791 1911 2866; x_wconf 89' lang='lat' dir='ltr'><strong>seruicio</strong></span> <span class='ocrx_word' id='word_1_145' title='bbox 1923 2807 2067 2874; x_wconf 74' lang='lat' dir='ltr'><strong>nostro:</strong></span> 
     </span>
     <span class='ocr_line' id='line_1_14' title="bbox 566 2920 2062 3024; baseline 0 -26"><span class='ocrx_word' id='word_1_146' title='bbox 566 2923 655 2999; x_wconf 78' lang='lat' dir='ltr'><strong>Tesi</strong></span> <span class='ocrx_word' id='word_1_147' title='bbox 667 2966 675 2982; x_wconf 92' lang='lat'><strong>·</strong></span> <span class='ocrx_word' id='word_1_148' title='bbox 689 2922 736 2995; x_wconf 92' lang='lat' dir='ltr'>W</span> <span class='ocrx_word' id='word_1_149' title='bbox 751 2965 759 2983; x_wconf 91' lang='lat'><strong>·</strong></span> <span class='ocrx_word' id='word_1_150' title='bbox 772 2931 839 3023; x_wconf 77' lang='lat' dir='ltr'><strong>epo</strong></span> <span class='ocrx_word' id='word_1_151' title='bbox 854 2920 1037 3024; x_wconf 76' lang='lat' dir='ltr'><strong>Glasguefi</strong></span> <span class='ocrx_word' id='word_1_152' title='bbox 1050 2966 1059 2983; x_wconf 93' lang='lat'><strong>·</strong></span> <span class='ocrx_word' id='word_1_153' title='bbox 1071 2922 1247 2999; x_wconf 71' lang='lat' dir='ltr'><strong>cancella?</strong></span> <span class='ocrx_word' id='word_1_154' title='bbox 1258 2967 1266 2984; x_wconf 93' lang='lat'><strong>·</strong></span> <span class='ocrx_word' id='word_1_155' title='bbox 1279 2923 1316 2996; x_wconf 84' lang='lat' dir='ltr'><strong>A</strong></span> <span class='ocrx_word' id='word_1_156' title='bbox 1330 2965 1338 2984; x_wconf 92' lang='lat'><strong>·</strong></span> <span class='ocrx_word' id='word_1_157' title='bbox 1351 2922 1443 2998; x_wconf 74' lang='lat' dir='ltr'><strong>ab’te</strong></span> <span class='ocrx_word' id='word_1_158' title='bbox 1459 2923 1506 2998; x_wconf 91' lang='lat' dir='ltr'><strong>de</strong></span> <span class='ocrx_word' id='word_1_159' title='bbox 1521 2922 1653 2998; x_wconf 74' lang='lat' dir='ltr'><strong>melro&#39;s&#39;</strong></span> <span class='ocrx_word' id='word_1_160' title='bbox 1672 2924 1751 2997; x_wconf 89' lang='lat' dir='ltr'><strong>·A·</strong></span> <span class='ocrx_word' id='word_1_161' title='bbox 1769 2925 1861 3000; x_wconf 70' lang='lat' dir='ltr'><strong>altbe</strong></span> <span class='ocrx_word' id='word_1_162' title='bbox 1876 2925 1922 2999; x_wconf 91' lang='lat' dir='ltr'><strong>de</strong></span> <span class='ocrx_word' id='word_1_163' title='bbox 1934 2923 2038 3024; x_wconf 77' lang='lat' dir='ltr'><strong>Cupi</strong></span> <span class='ocrx_word' id='word_1_164' title='bbox 2053 2964 2062 2983; x_wconf 92' lang='lat'><strong>·</strong></span> 
     </span>
     <span class='ocr_line' id='line_1_15' title="bbox 564 3053 2066 3157; baseline 0.002 -27"><span class='ocrx_word' id='word_1_165' title='bbox 564 3055 624 3130; x_wconf 93' lang='lat' dir='ltr'><strong>H·</strong></span> <span class='ocrx_word' id='word_1_166' title='bbox 642 3057 734 3131; x_wconf 75' lang='lat' dir='ltr'><strong>altbe</strong></span> <span class='ocrx_word' id='word_1_167' title='bbox 751 3053 796 3130; x_wconf 89' lang='lat' dir='ltr'><strong>de</strong></span> <span class='ocrx_word' id='word_1_168' title='bbox 818 3064 878 3130; x_wconf 78' lang='lat' dir='ltr'><strong>sea</strong></span> <span class='ocrx_word' id='word_1_169' title='bbox 895 3081 999 3130; x_wconf 88' lang='lat' dir='ltr'><strong>cruce</strong></span> <span class='ocrx_word' id='word_1_170' title='bbox 1017 3098 1026 3116; x_wconf 89' lang='lat'><strong>·</strong></span> <span class='ocrx_word' id='word_1_171' title='bbox 1045 3056 1085 3130; x_wconf 91' lang='lat' dir='ltr'><strong>H</strong></span> <span class='ocrx_word' id='word_1_172' title='bbox 1105 3099 1114 3115; x_wconf 93' lang='lat'><strong>·</strong></span> <span class='ocrx_word' id='word_1_173' title='bbox 1132 3055 1177 3131; x_wconf 93' lang='lat' dir='ltr'><strong>de</strong></span> <span class='ocrx_word' id='word_1_174' title='bbox 1195 3056 1330 3132; x_wconf 87' lang='lat' dir='ltr'><strong>Striuel</strong></span> <span class='ocrx_word' id='word_1_175' title='bbox 1351 3057 1395 3131; x_wconf 82' lang='lat' dir='ltr'><strong>fit</strong></span> <span class='ocrx_word' id='word_1_176' title='bbox 1414 3059 1494 3132; x_wconf 80' lang='lat' dir='ltr'><strong>coffi</strong></span> <span class='ocrx_word' id='word_1_177' title='bbox 1511 3056 1634 3131; x_wconf 90' lang='lat' dir='ltr'><strong>Dauid</strong></span> <span class='ocrx_word' id='word_1_178' title='bbox 1657 3055 1778 3131; x_wconf 86' lang='lat' dir='ltr'><strong>·Will</strong></span> <span class='ocrx_word' id='word_1_179' title='bbox 1794 3056 1840 3131; x_wconf 90' lang='lat' dir='ltr'><strong>de</strong></span> <span class='ocrx_word' id='word_1_180' title='bbox 1863 3057 2066 3157; x_wconf 69' lang='lat' dir='ltr'><strong>Breyhyn.</strong></span> 
     </span>
     <span class='ocr_line' id='line_1_16' title="bbox 563 3172 2063 3290; baseline 0.003 -29"><span class='ocrx_word' id='word_1_181' title='bbox 563 3187 698 3289; x_wconf 81' lang='lat' dir='ltr'><strong>Eymei</strong></span> <span class='ocrx_word' id='word_1_182' title='bbox 722 3187 768 3262; x_wconf 89' lang='lat' dir='ltr'><strong>de</strong></span> <span class='ocrx_word' id='word_1_183' title='bbox 794 3186 1013 3264; x_wconf 81' lang='lat' dir='ltr'><strong>Maccnswel</strong></span> <span class='ocrx_word' id='word_1_184' title='bbox 1043 3230 1051 3249; x_wconf 92' lang='lat'><strong>·</strong></span> <span class='ocrx_word' id='word_1_185' title='bbox 1079 3187 1115 3261; x_wconf 90' lang='lat' dir='ltr'><strong>R</strong></span> <span class='ocrx_word' id='word_1_186' title='bbox 1142 3228 1151 3247; x_wconf 91' lang='lat'><strong>·</strong></span> <span class='ocrx_word' id='word_1_187' title='bbox 1178 3189 1220 3262; x_wconf 86' lang='lat' dir='ltr'><strong>fil</strong></span> <span class='ocrx_word' id='word_1_188' title='bbox 1245 3188 1343 3290; x_wconf 68' lang='lat' dir='ltr'><strong>Glay</strong></span> <span class='ocrx_word' id='word_1_189' title='bbox 1360 3189 1457 3287; x_wconf 85' lang='lat' dir='ltr'><strong>apud</strong></span> <span class='ocrx_word' id='word_1_190' title='bbox 1474 3189 1585 3265; x_wconf 80' lang='lat' dir='ltr'><strong>sohofi</strong></span> <span class='ocrx_word' id='word_1_191' title='bbox 1601 3172 1676 3265; x_wconf 63' lang='lat' dir='ltr'><strong>icio</strong></span> <span class='ocrx_word' id='word_1_192' title='bbox 1693 3189 1751 3265; x_wconf 90' lang='lat' dir='ltr'><strong>die</strong></span> <span class='ocrx_word' id='word_1_193' title='bbox 1767 3189 1906 3290; x_wconf 85' lang='lat' dir='ltr'><strong>Aprilis</strong></span> <span class='ocrx_word' id='word_1_194' title='bbox 1925 3231 1933 3246; x_wconf 94' lang='lat'><strong>·</strong></span> <span class='ocrx_word' id='word_1_195' title='bbox 1952 3190 2063 3265; x_wconf 85' lang='lat' dir='ltr'><strong>Auno</strong></span> 
     </span>
     <span class='ocr_line' id='line_1_17' title="bbox 560 3318 1147 3422; baseline 0 -27"><span class='ocrx_word' id='word_1_196' title='bbox 560 3319 660 3422; x_wconf 80' lang='lat' dir='ltr'><strong>regni</strong></span> <span class='ocrx_word' id='word_1_197' title='bbox 677 3318 814 3395; x_wconf 91' lang='lat' dir='ltr'><strong>domini</strong></span> <span class='ocrx_word' id='word_1_198' title='bbox 833 3319 944 3421; x_wconf 88' lang='lat' dir='ltr'><strong>Regis</strong></span> <span class='ocrx_word' id='word_1_199' title='bbox 960 3319 1126 3397; x_wconf 86' lang='lat' dir='ltr'><strong>vicesimo</strong></span> <span class='ocrx_word' id='word_1_200' title='bbox 1140 3365 1147 3381; x_wconf 90' lang='lat'><strong>·</strong></span> 
     </span>
    </p>
   </div>
   <div class='ocr_carea' id='block_1_4' title="bbox 545 3692 2072 4215">
    <p class='ocr_par' dir='ltr' id='par_1_4' title="bbox 545 3692 2072 4215">
     <span class='ocr_line' id='line_1_18' title="bbox 562 3692 2062 3821; baseline 0.004 -28"><span class='ocrx_word' id='word_1_201' title='bbox 562 3692 764 3795; x_wconf 85' lang='lat' dir='ltr'><strong>Ordinatio</strong></span> <span class='ocrx_word' id='word_1_202' title='bbox 777 3718 940 3819; x_wconf 92' lang='lat' dir='ltr'><strong>judicum</strong></span> <span class='ocrx_word' id='word_1_203' title='bbox 957 3744 979 3792; x_wconf 86' lang='lat' dir='ltr'><strong>a</strong></span> <span class='ocrx_word' id='word_1_204' title='bbox 995 3717 1095 3820; x_wconf 85' lang='lat' dir='ltr'><strong>Papa</strong></span> <span class='ocrx_word' id='word_1_205' title='bbox 1111 3718 1354 3820; x_wconf 80' lang='lat' dir='ltr'><strong>delegatorum</strong></span> <span class='ocrx_word' id='word_1_206' title='bbox 1370 3719 1464 3795; x_wconf 90' lang='lat' dir='ltr'><strong>inter</strong></span> <span class='ocrx_word' id='word_1_207' title='bbox 1477 3718 1697 3821; x_wconf 76' lang='lat' dir='ltr'><strong>Episcopum</strong></span> <span class='ocrx_word' id='word_1_208' title='bbox 1713 3719 2009 3797; x_wconf 85' lang='lat' dir='ltr'><strong>Dunblanensem</strong></span> <span class='ocrx_word' id='word_1_209' title='bbox 2025 3740 2062 3799; x_wconf 90' lang='lat' dir='ltr'><strong>et</strong></span> 
     </span>
     <span class='ocr_line' id='line_1_19' title="bbox 559 3835 2072 3955; baseline -0.001 -28"><span class='ocrx_word' id='word_1_210' title='bbox 559 3850 737 3927; x_wconf 83' lang='lat' dir='ltr'><strong>Comitem</strong></span> <span class='ocrx_word' id='word_1_211' title='bbox 763 3835 1002 3926; x_wconf 83' lang='lat' dir='ltr'><strong>deMeuteth</strong></span> <span class='ocrx_word' id='word_1_212' title='bbox 1032 3851 1159 3926; x_wconf 90' lang='lat' dir='ltr'><strong>·A.D.</strong></span> <span class='ocrx_word' id='word_1_213' title='bbox 1181 3854 1463 3929; x_wconf 70' lang='lat' dir='ltr'><strong>trae-Eueno</strong></span> <span class='ocrx_word' id='word_1_214' title='bbox 1486 3854 1527 3927; x_wconf 80' lang='lat' dir='ltr'><strong>io</strong></span> <span class='ocrx_word' id='word_1_215' title='bbox 1551 3865 1573 3897; x_wconf 89' lang='lat'>“</span> <span class='ocrx_word' id='word_1_216' title='bbox 1589 3853 1704 3928; x_wconf 77' lang='lat' dir='ltr'><strong>Notos</strong></span> <span class='ocrx_word' id='word_1_217' title='bbox 1727 3878 1775 3928; x_wconf 89' lang='lat' dir='ltr'><strong>on</strong></span> <span class='ocrx_word' id='word_1_218' title='bbox 1797 3854 1857 3928; x_wconf 75' lang='lat' dir='ltr'><strong>tlte</strong></span> <span class='ocrx_word' id='word_1_219' title='bbox 1877 3854 2007 3953; x_wconf 72' lang='lat' dir='ltr'><strong>Priory</strong></span> <span class='ocrx_word' id='word_1_220' title='bbox 2023 3861 2072 3955; x_wconf 65' lang='lat' dir='ltr'><em>ff</em></span> 
     </span>
     <span class='ocr_line' id='line_1_20' title="bbox 557 3984 2057 4085; baseline 0.002 -27"><span class='ocrx_word' id='word_1_221' title='bbox 557 3984 849 4061; x_wconf 59' lang='lat' dir='ltr'><strong>Iochmoltomess’</strong></span> <span class='ocrx_word' id='word_1_222' title='bbox 877 3984 995 4058; x_wconf 81' lang='lat' dir='ltr'><strong>Edic.</strong></span> <span class='ocrx_word' id='word_1_223' title='bbox 1017 3988 1124 4061; x_wconf 82' lang='grc'><strong>1815.</strong></span> <span class='ocrx_word' id='word_1_224' title='bbox 1153 3985 1250 4085; x_wconf 84' lang='lat' dir='ltr'><strong>App.</strong></span> <span class='ocrx_word' id='word_1_225' title='bbox 1270 3984 1300 4060; x_wconf 92' lang='lat'><strong>1.</strong></span> <span class='ocrx_word' id='word_1_226' title='bbox 1338 3985 1564 4061; x_wconf 79' lang='lat' dir='ltr'><strong>Collotooero</strong></span> <span class='ocrx_word' id='word_1_227' title='bbox 1582 3986 1830 4082; x_wconf 74' lang='lat' dir='ltr'><strong>Ropistrooet.</strong></span> <span class='ocrx_word' id='word_1_228' title='bbox 1849 3987 2057 4061; x_wconf 80' lang='lat' dir='ltr'><strong>Aberbroth.</strong></span> 
     </span>
     <span class='ocr_line' id='line_1_21' title="bbox 545 4115 1678 4215; baseline 0.002 -26"><span class='ocrx_word' id='word_1_229' title='bbox 545 4118 615 4213; x_wconf 82' lang='lat' dir='ltr'><strong>fol.</strong></span> <span class='ocrx_word' id='word_1_230' title='bbox 633 4115 716 4192; x_wconf 82' lang='lat' dir='ltr'><strong>xvii.</strong></span> <span class='ocrx_word' id='word_1_231' title='bbox 735 4118 798 4191; x_wconf 80' lang='lat' dir='ltr'><strong>udi</strong></span> <span class='ocrx_word' id='word_1_232' title='bbox 810 4118 944 4215; x_wconf 77' lang='lat' dir='ltr'><strong>scnpto</strong></span> <span class='ocrx_word' id='word_1_233' title='bbox 961 4126 1013 4190; x_wconf 85' lang='lat' dir='ltr'><strong>est</strong></span> <span class='ocrx_word' id='word_1_234' title='bbox 1028 4117 1123 4191; x_wconf 80' lang='lat' dir='ltr'><strong>dalla</strong></span> <span class='ocrx_word' id='word_1_235' title='bbox 1146 4118 1314 4213; x_wconf 74' lang='lat' dir='ltr'><strong>Greporii</strong></span> <span class='ocrx_word' id='word_1_236' title='bbox 1328 4118 1433 4213; x_wconf 75' lang='lat' dir='ltr'><strong>leupo</strong></span> <span class='ocrx_word' id='word_1_237' title='bbox 1449 4120 1678 4192; x_wconf 64' lang='lat' dir='ltr'><strong>emmor.</strong></span> 
     </span>
    </p>
   </div>
   <div class='ocr_carea' id='block_1_5' title="bbox 482 4352 2054 5017">
    <p class='ocr_par' dir='ltr' id='par_1_5' title="bbox 482 4352 2054 5017">
     <span class='ocr_line' id='line_1_22' title="bbox 482 4352 2054 4484; baseline -0.001 -27"><span class='ocrx_word' id='word_1_238' title='bbox 482 4392 526 4462; x_wconf 94' lang='grc'><strong>11</strong></span> <span class='ocrx_word' id='word_1_239' title='bbox 558 4352 754 4457; x_wconf 86' lang='lat' dir='ltr'><strong>Universie</strong></span> <span class='ocrx_word' id='word_1_240' title='bbox 772 4380 908 4457; x_wconf 78' lang='lat' dir='ltr'><strong>Christi</strong></span> <span class='ocrx_word' id='word_1_241' title='bbox 923 4379 1087 4457; x_wconf 85' lang='lat' dir='ltr'><strong>fidelibus</strong></span> <span class='ocrx_word' id='word_1_242' title='bbox 1104 4382 1171 4457; x_wconf 93' lang='lat' dir='ltr'><strong>hoo</strong></span> <span class='ocrx_word' id='word_1_243' title='bbox 1193 4383 1365 4484; x_wconf 89' lang='lat' dir='ltr'><strong>seriptum</strong></span> <span class='ocrx_word' id='word_1_244' title='bbox 1382 4384 1507 4457; x_wconf 86' lang='lat' dir='ltr'><strong>visuris</strong></span> <span class='ocrx_word' id='word_1_245' title='bbox 1531 4384 1586 4459; x_wconf 84' lang='lat' dir='ltr'><strong>vel</strong></span> <span class='ocrx_word' id='word_1_246' title='bbox 1608 4384 1782 4459; x_wconf 86' lang='lat' dir='ltr'><strong>audituris</strong></span> <span class='ocrx_word' id='word_1_247' title='bbox 1799 4380 1997 4457; x_wconf 88' lang='lat' dir='ltr'><strong>Willelmus</strong></span> <span class='ocrx_word' id='word_1_248' title='bbox 2017 4399 2054 4457; x_wconf 90' lang='lat' dir='ltr'><strong>et</strong></span> 
     </span>
     <span class='ocr_line' id='line_1_23' title="bbox 552 4510 2054 4619; baseline 0.001 -31"><span class='ocrx_word' id='word_1_249' title='bbox 552 4510 735 4588; x_wconf 83' lang='lat' dir='ltr'><strong>Galfridus</strong></span> <span class='ocrx_word' id='word_1_250' title='bbox 761 4512 836 4589; x_wconf 91' lang='lat' dir='ltr'><strong>Dei</strong></span> <span class='ocrx_word' id='word_1_251' title='bbox 861 4514 976 4613; x_wconf 85' lang='lat' dir='ltr'><strong>gratia</strong></span> <span class='ocrx_word' id='word_1_252' title='bbox 1003 4514 1234 4617; x_wconf 83' lang='lat' dir='ltr'><strong>Glasguensis</strong></span> <span class='ocrx_word' id='word_1_253' title='bbox 1262 4531 1298 4591; x_wconf 93' lang='lat' dir='ltr'><strong>et</strong></span> <span class='ocrx_word' id='word_1_254' title='bbox 1326 4515 1596 4592; x_wconf 84' lang='lat' dir='ltr'><strong>Dunkeldensis</strong></span> <span class='ocrx_word' id='word_1_255' title='bbox 1624 4515 1796 4619; x_wconf 80' lang='lat' dir='ltr'><strong>Episcopi</strong></span> <span class='ocrx_word' id='word_1_256' title='bbox 1829 4531 1989 4593; x_wconf 85' lang='lat' dir='ltr'><strong>eternam</strong></span> <span class='ocrx_word' id='word_1_257' title='bbox 2016 4519 2054 4590; x_wconf 91' lang='lat' dir='ltr'><strong>in</strong></span> 
     </span>
     <span class='ocr_line' id='line_1_24' title="bbox 549 4644 2052 4751; baseline 0.004 -32"><span class='ocrx_word' id='word_1_258' title='bbox 549 4644 710 4721; x_wconf 90' lang='lat' dir='ltr'><strong>Domino</strong></span> <span class='ocrx_word' id='word_1_259' title='bbox 743 4645 893 4722; x_wconf 89' lang='lat' dir='ltr'><strong>salutem</strong></span> <span class='ocrx_word' id='word_1_260' title='bbox 919 4688 929 4709; x_wconf 90' lang='lat'><strong>·</strong></span> <span class='ocrx_word' id='word_1_261' title='bbox 956 4648 1165 4723; x_wconf 91' lang='lat' dir='ltr'><strong>mandatum</strong></span> <span class='ocrx_word' id='word_1_262' title='bbox 1190 4647 1341 4723; x_wconf 90' lang='lat' dir='ltr'><strong>Domini</strong></span> <span class='ocrx_word' id='word_1_263' title='bbox 1375 4648 1475 4749; x_wconf 88' lang='lat' dir='ltr'><strong>Pape</strong></span> <span class='ocrx_word' id='word_1_264' title='bbox 1507 4650 1546 4723; x_wconf 91' lang='lat' dir='ltr'><strong>in</strong></span> <span class='ocrx_word' id='word_1_265' title='bbox 1571 4649 1638 4725; x_wconf 87' lang='lat' dir='ltr'><strong>hec</strong></span> <span class='ocrx_word' id='word_1_266' title='bbox 1663 4650 1771 4725; x_wconf 81' lang='lat' dir='ltr'><strong>verba</strong></span> <span class='ocrx_word' id='word_1_267' title='bbox 1799 4650 2052 4751; x_wconf 88' lang='lat' dir='ltr'><strong>suscepimus·</strong></span> 
     </span>
     <span class='ocr_line' id='line_1_25' title="bbox 551 4780 2053 4885; baseline 0.003 -30"><span class='ocrx_word' id='word_1_268' title='bbox 551 4780 746 4881; x_wconf 82' lang='lat' dir='ltr'><strong>Gregorius</strong></span> <span class='ocrx_word' id='word_1_269' title='bbox 764 4780 963 4882; x_wconf 81' lang='lat' dir='ltr'><strong>Episcopus</strong></span> <span class='ocrx_word' id='word_1_270' title='bbox 974 4806 1094 4855; x_wconf 82' lang='lat' dir='ltr'><strong>servus</strong></span> <span class='ocrx_word' id='word_1_271' title='bbox 1107 4806 1287 4855; x_wconf 87' lang='lat' dir='ltr'><strong>servorum</strong></span> <span class='ocrx_word' id='word_1_272' title='bbox 1296 4782 1370 4857; x_wconf 91' lang='lat' dir='ltr'><strong>Dei</strong></span> <span class='ocrx_word' id='word_1_273' title='bbox 1386 4780 1644 4859; x_wconf 83' lang='lat' dir='ltr'><strong>venerabilibus</strong></span> <span class='ocrx_word' id='word_1_274' title='bbox 1659 4782 1827 4859; x_wconf 83' lang='lat' dir='ltr'><strong>fratribus</strong></span> <span class='ocrx_word' id='word_1_275' title='bbox 1839 4782 2053 4885; x_wconf 85' lang='lat' dir='ltr'><strong>Glasguensi</strong></span> 
     </span>
     <span class='ocr_line' id='line_1_26' title="bbox 549 4908 2051 5017; baseline 0.004 -30"><span class='ocrx_word' id='word_1_276' title='bbox 549 4930 584 4987; x_wconf 88' lang='lat' dir='ltr'><strong>et</strong></span> <span class='ocrx_word' id='word_1_277' title='bbox 604 4911 855 4989; x_wconf 89' lang='lat' dir='ltr'><strong>Dunkeldonsi</strong></span> <span class='ocrx_word' id='word_1_278' title='bbox 872 4914 1059 5015; x_wconf 88' lang='lat' dir='ltr'><strong>Episcopis</strong></span> <span class='ocrx_word' id='word_1_279' title='bbox 1076 4908 1226 4989; x_wconf 85' lang='lat' dir='ltr'><strong>salutem</strong></span> <span class='ocrx_word' id='word_1_280' title='bbox 1244 4929 1280 4991; x_wconf 89' lang='lat' dir='ltr'><strong>et</strong></span> <span class='ocrx_word' id='word_1_281' title='bbox 1297 4915 1539 5017; x_wconf 86' lang='lat' dir='ltr'><strong>Apostolicam</strong></span> <span class='ocrx_word' id='word_1_282' title='bbox 1557 4917 1836 4993; x_wconf 75' lang='lat' dir='ltr'><strong>benedidionenu</strong></span> <span class='ocrx_word' id='word_1_283' title='bbox 1864 4961 1871 4977; x_wconf 91' lang='lat'><strong>·</strong></span> <span class='ocrx_word' id='word_1_284' title='bbox 1890 4918 2051 4993; x_wconf 87' lang='lat' dir='ltr'><strong>Venera-</strong></span> 
     </span>
    </p>
   </div>
   <div class='ocr_carea' id='block_1_6' title="bbox 0 0 2872 6700">
    <p class='ocr_par' dir='ltr' id='par_1_6' title="bbox 0 0 2872 6700">
     <span class='ocr_line' id='line_1_27' title="bbox 0 0 2872 6700; baseline 0 4"><span class='ocrx_word' id='word_1_285' title='bbox 0 0 2872 6700; x_wconf 95' lang='lat' dir='ltr'><strong> </strong></span> 
     </span>
    </p>
   </div>
  </div>
 </body>
</html>
