5734 6700
1048 787 1126 862 DE
1155 787 1557 866 INOHAFFERY.

550 1117 671 1222 Carta
688 1164 781 1223 terre
798 1147 844 1223 de
860 1146 1046 1248 Dunyduf
1060 1187 1068 1206 ·

475 1407 525 1474 44
547 1384 741 1486 Omnibus
757 1411 825 1488 hoc
841 1413 1011 1510 scriptum
1028 1411 1150 1486 visuris
1167 1411 1224 1488 vel
1245 1413 1418 1489 audituris
1436 1413 1575 1488 Bricius
1595 1413 1641 1488 de
1657 1414 1874 1492 Ardroll'ane
1895 1433 2055 1492 eternam

544 1547 581 1619 in
598 1546 743 1622 domino
760 1545 906 1622 salutem
924 1587 934 1606 ·
952 1545 1108 1621 Nouerit
1124 1545 1328 1621 vniuerlitas
1345 1547 1458 1621 vestra
1476 1573 1535 1621 me
1557 1573 1623 1648 pro
1642 1547 1752 1624 salute
1777 1549 1895 1625 anime
1916 1575 1994 1625 mee
2019 1562 2055 1624 et

543 1680 795 1756 antecell’orum
820 1705 982 1755 meorum
1009 1680 1202 1754 concelliffe
1232 1695 1268 1754 et
1297 1681 1475 1780 allignaffe
1505 1695 1541 1756 et
1570 1680 1638 1756 hac
1667 1682 1820 1781 presenti
1850 1697 1948 1758 carta
1975 1709 2056 1757 mea

543 1815 759 1889 confirmali‘e
777 1812 861 1888 Deo
882 1827 918 1888 et
934 1812 1039 1888 beate
1059 1813 1175 1896 marie
1196 1827 1232 1888 et
1253 1813 1369 1888 sanato
1385 1814 1411 1888 J
1413 1813 1545 1888 ohanni
1561 1814 1718 1914 apollolo
1734 1829 1772 1890 et
1789 1815 2002 1917 euangelista
2019 1831 2056 1891 et

542 1947 661 2023 abbati
681 1963 718 2024 ct
739 1947 932 2024 conuentui
953 1947 999 2022 de
1021 1945 1140 2022 Insula
1163 1947 1349 2030 mitrarum
1370 1963 1407 2022 et
1427 1947 1495 2020 luis
1516 1947 1763 2023 successoribus
1783 1951 1821 2022 in
1841 1963 2055 2050 perpetuum

542 2079 638 2156 illam
663 2079 872 2182 perticulam
895 2095 987 2156 terre
1012 2081 1111 2154 litam
1136 2079 1173 2154 in
1197 2081 1375 2155 territorio
1397 2080 1444 2156 de
1470 2080 1647 2181 Petlandy
1665 2108 1773 2181 quam
1794 2108 1862 2182 ego
1884 2083 1930 2158 de
1952 2082 2055 2157 Luca

542 2211 614 2288 lilio
638 2212 849 2313 Theobaldy
870 2213 916 2288 ad
936 2212 1077 2287 feodam
1101 2213 1242 2285 firmam
1268 2225 1373 2287 teneo
1392 2237 1476 2286 cum
1498 2214 1664 2287 omnibus
1680 2213 1748 2288 suis
1773 2213 1996 2315 pertinentiis
2018 2229 2053 2288 et

542 2343 668 2419 ceteris
685 2344 908 2444 ayfiamentis
920 2369 986 2444 per
1002 2344 1079 2418 luas
1095 2343 1207 2422 rectas
1224 2343 1354 2418 diuisae
1367 2359 1474 2444 prout
1491 2344 1529 2417 in
1545 2361 1642 2420 carta
1657 2346 1752 2422 inter
1768 2346 1902 2420 didam
1914 2345 2053 2420 Lucam

542 2493 578 2550 et
602 2501 660 2550 me
685 2475 788 2576 super
813 2475 881 2550 hoc
904 2475 995 2550 latia
1016 2473 1156 2575 plenius
1182 2475 1387 2550 continetur
1412 2519 1421 2534 ·
1448 2475 1640 2550 tenendam
1660 2493 1696 2552 et
1715 2477 1917 2552 habendam
1936 2478 1999 2551 fibi
2016 2491 2053 2552 et

542 2605 785 2682 luccell’oribue
814 2606 883 2680 suis
912 2607 950 2681 in
977 2619 1191 2707 perpensum
1219 2606 1265 2680 de
1294 2631 1352 2680 me
1382 2623 1419 2680 ct
1449 2604 1639 2681 heredibus
1668 2609 1756 2683 meis
1785 2609 1845 2683 seu
1874 2608 2052 2708 affignatis

540 2740 648 2814 libere
673 2755 709 2815 et
734 2740 853 2839 quiete
877 2740 964 2814 licut
988 2738 1132 2814 liberius
1157 2739 1315 2838 quiecius
1338 2765 1405 2838 ego
1428 2738 1558 2812 didam
1579 2753 1709 2814 terram
1731 2741 1831 2815 teum
1850 2739 1907 2814 vel
1930 2755 2052 2816 tenere

542 2873 642 2972 potui
674 2915 682 2932 ·
718 2871 919 2947 Reddendo
949 2872 1032 2946 inde
1062 2871 1247 2946 annuatim
1273 2897 1380 2944 ruam
1408 2895 1562 2949 <caream
1591 2873 1731 2972 argenti
1758 2872 1886 2948 scilicet
1915 2874 2052 2948 medie-

541 3017 653 3078 tatem
674 3003 722 3076 ad
738 3002 972 3078 Pentecosten
989 3017 1026 3077 et
1042 3001 1148 3076 aliam
1166 3001 1395 3076 medietatem
1413 3001 1460 3074 ad
1479 3000 1606 3077 festum
1622 3003 1728 3078 lancti
1745 3004 1895 3086 martini
1911 3004 2051 3079 cuidam

541 3133 724 3234 capellano
750 3133 872 3209 diuina
897 3132 1088 3210 celebranti
1118 3133 1155 3206 in
1182 3132 1411 3208 elimosinario
1439 3133 1485 3208 de
1511 3131 1630 3207 Insula
1658 3133 1842 3217 (lliffarum
1870 3135 1917 3209 ad
1945 3163 2052 3236 oper-

540 3270 691 3344 randum
709 3269 768 3344 seu
785 3267 1041 3344 inueniendum
1058 3267 1191 3342 ibidem
1213 3265 1356 3342 calicem
1380 3284 1416 3341 et
1437 3281 1646 3342 ornamenta
1663 3267 1785 3342 diuino
1802 3267 1915 3344 cultui
1932 3272 2052 3345 neces-

539 3402 626 3477 saria
643 3443 653 3461 ·
670 3402 750 3477 volo
770 3417 807 3478 et
829 3402 984 3477 concedo
1000 3400 1098 3501 quod
1120 3402 1146 3473 fi
1169 3400 1298 3475 dictam
1323 3417 1455 3476 terram
1477 3427 1542 3502 per
1563 3400 1718 3502 aliquem
1738 3404 1856 3477 casum
1872 3404 1931 3478 seu
1947 3429 2051 3480 occa-

540 3539 669 3611 lionem
696 3536 741 3611 de
765 3534 930 3635 predictis
954 3533 1082 3608 abbate
1105 3548 1142 3607 et
1165 3548 1344 3608 conuentu
1367 3534 1465 3631 quod
1487 3534 1574 3609 abiit
1598 3534 1801 3635 inposterim
1823 3536 1939 3611 euinci
1962 3564 2050 3613 con-

541 3670 660 3771 tigerit
685 3666 876 3770 lepedidlos
904 3668 1070 3742 abbatem
1100 3680 1137 3741 et
1159 3680 1377 3741 conuentum
1400 3692 1423 3740 a
1445 3666 1601 3767 predicte
1625 3692 1744 3743 marce
1767 3668 1979 3767 prestatione
2003 3696 2050 3745 ex

539 3822 624 3879 tunc
649 3802 723 3878 fore
748 3801 922 3877 absolutos
946 3816 982 3876 et
1005 3827 1063 3874 me
1086 3816 1123 3875 et
1147 3800 1297 3875 heredes
1323 3825 1421 3875 meos
1447 3800 1507 3875 seu
1531 3800 1715 3900 affignatos
1742 3801 1789 3875 ad
1816 3828 1905 3901 quos
1932 3820 2049 3879 cetere

538 3954 630 4011 terre
657 3960 735 4009 mee
764 3960 976 4034 quocunque
1002 3932 1107 4009 titulo
1136 3932 1359 4009 tranfiuerint
1388 3932 1437 4005 ad
1466 3930 1623 4033 predidle
1652 3959 1771 4009 marce
1799 3935 2048 4035 prestationem

539 4095 693 4145 annuam
716 4065 873 4167 predidlo
889 4064 1072 4167 capellano
1094 4064 1139 4140 de
1157 4064 1237 4165 iplis
1261 4065 1363 4139 terris
1384 4064 1585 4139 faciendam
1600 4065 1804 4165 supradictis
1826 4066 1986 4141 terminis
2009 4069 2047 4141 in

539 4218 752 4301 perpetuum
778 4200 890 4276 teneri
917 4214 954 4275 ct
981 4200 1027 4273 ad
1055 4198 1123 4273 hoc
1152 4224 1216 4299 per
1243 4199 1424 4275 censuram
1451 4198 1713 4274 eccleliasticam
1736 4201 1762 4272 fi
1784 4200 1917 4275 neceffe
1941 4201 2046 4275 fuerit

540 4332 701 4433 compelli
718 4349 754 4409 et
769 4333 981 4433 perstringi·
1002 4332 1202 4408 Reddendo
1222 4331 1484 4408 nichillominus
1499 4334 1672 4435 sepedicto
1695 4334 1796 4408 Luce
1849 4378 1857 4393 ·
1910 4378 1918 4395 ·
1973 4380 1981 4395 ·
2035 4380 2044 4396 ·

538 4482 575 4541 et
590 4466 659 4541 suis
676 4464 864 4541 heredibus
882 4464 937 4539 vel
948 4464 1124 4564 affignatie
1142 4465 1270 4539 dictam
1281 4480 1412 4539 terram
1429 4464 1476 4537 ad
1486 4464 1730 4540 feodolirmam
1746 4465 1834 4538 mihi
1850 4483 1887 4541 et
1902 4467 2070 4542 heredi*

538 4602 604 4675 bus
620 4600 708 4675 meis
730 4600 789 4675 seu
812 4598 989 4697 affibonatis
1011 4598 1048 4671 in
1071 4614 1284 4699 perpetuum
1304 4640 1311 4655 ·
1330 4598 1528 4673 concedent
1544 4625 1610 4700 pro
1627 4600 1724 4673 omni
1740 4598 1882 4674 seculari
1898 4602 2042 4675 fornicio

537 4734 719 4809 exactione
733 4734 983 4809 consuetudine
996 4749 1033 4809 et
1045 4732 1223 4808 demanda
1235 4732 1543 4809 warrantizatione
1558 4736 1775 4835 protectione
1788 4751 1824 4810 et
1836 4736 2041 4815 defencione

537 4868 724 4943 duodecim
740 4867 902 4943 denarios
919 4867 966 4943 ad
981 4866 1071 4943 duos
1087 4866 1172 4941 anui
1190 4866 1358 4941 terminos
1371 4865 1569 4942 scilicetsex
1581 4868 1743 4943 denarios
1760 4868 1806 4943 ad
1823 4870 2040 4969 penticosten
