<?xml version="1.0" encoding="UTF-8"?>
<!DOCTYPE html PUBLIC "-//W3C//DTD XHTML 1.0 Transitional//EN"
    "http://www.w3.org/TR/xhtml1/DTD/xhtml1-transitional.dtd">
<html xmlns="http://www.w3.org/1999/xhtml" xml:lang="en" lang="en">
 <head>
  <title>
</title>
<meta http-equiv="Content-Type" content="text/html;charset=utf-8" />
  <meta name='ocr-system' content='tesseract 3.04.00' />
  <meta name='ocr-capabilities' content='ocr_page ocr_carea ocr_par ocr_line ocrx_word'/>
</head>
<body>
  <div class='ocr_page' id='page_1' title='image "./liberinsulemiss00innegoog_0113.png"; bbox 0 0 5734 6700; ppageno 0'>
   <div class='ocr_carea' id='block_1_1' title="bbox 1065 765 2077 846">
    <p class='ocr_par' dir='ltr' id='par_1_1' title="bbox 1065 765 2077 846">
     <span class='ocr_line' id='line_1_1' title="bbox 1065 765 2077 846; baseline -0.006 -4"><span class='ocrx_word' id='word_1_1' title='bbox 1065 768 1144 844; x_wconf 86' lang='lat' dir='ltr'><strong>DE</strong></span> <span class='ocrx_word' id='word_1_2' title='bbox 1176 765 1581 846; x_wconf 82' lang='lat' dir='ltr'><strong>INOHAFFERY.</strong></span> <span class='ocrx_word' id='word_1_3' title='bbox 2031 768 2077 838; x_wconf 78' lang='grc'><strong>31</strong></span> 
     </span>
    </p>
   </div>
   <div class='ocr_carea' id='block_1_2' title="bbox 566 1105 2042 1228">
    <p class='ocr_par' dir='ltr' id='par_1_2' title="bbox 566 1095 2042 1228">
     <span class='ocr_line' id='line_1_2' title="bbox 566 1105 2042 1228; baseline -0.006 -22"><span class='ocrx_word' id='word_1_4' title='bbox 566 1105 952 1206; x_wconf 70' lang='lat' dir='ltr'><strong>Lnemssimonim</strong></span> <span class='ocrx_word' id='word_1_5' title='bbox 961 1127 1198 1204; x_wconf 62' lang='lat' dir='ltr'><strong>sensimus</strong></span> <span class='ocrx_word' id='word_1_6' title='bbox 1213 1126 1475 1204; x_wconf 75' lang='lat' dir='ltr'><strong>Dunblsnenfis</strong></span> <span class='ocrx_word' id='word_1_7' title='bbox 1492 1127 1538 1202; x_wconf 76' lang='lat' dir='ltr'><strong>a</strong></span> <span class='ocrx_word' id='word_1_8' title='bbox 1554 1127 1682 1228; x_wconf 77' lang='lat' dir='ltr'><strong>viginti</strong></span> <span class='ocrx_word' id='word_1_9' title='bbox 1699 1126 1818 1204; x_wconf 74' lang='lat' dir='ltr'><strong>sones</strong></span> <span class='ocrx_word' id='word_1_10' title='bbox 1834 1125 2042 1200; x_wconf 68' lang='lat' dir='ltr'><strong>annuatim.</strong></span> 
     </span>
    </p>
   </div>
   <div class='ocr_carea' id='block_1_3' title="bbox 497 1367 2202 4007">
    <p class='ocr_par' dir='ltr' id='par_1_3' title="bbox 497 1367 2202 4007">
     <span class='ocr_line' id='line_1_3' title="bbox 497 1367 2070 1492; baseline -0.004 -22"><span class='ocrx_word' id='word_1_11' title='bbox 497 1367 704 1470; x_wconf 77' lang='lat' dir='ltr'><strong>31Pateat</strong></span> <span class='ocrx_word' id='word_1_12' title='bbox 732 1395 900 1470; x_wconf 86' lang='lat' dir='ltr'><strong>vninersis</strong></span> <span class='ocrx_word' id='word_1_13' title='bbox 928 1393 1058 1469; x_wconf 84' lang='lat' dir='ltr'><strong>Obrisbi</strong></span> <span class='ocrx_word' id='word_1_14' title='bbox 1085 1391 1249 1468; x_wconf 84' lang='lat' dir='ltr'><strong>fidelibus</strong></span> <span class='ocrx_word' id='word_1_15' title='bbox 1278 1418 1344 1466; x_wconf 92' lang='lat' dir='ltr'><strong>nos</strong></span> <span class='ocrx_word' id='word_1_16' title='bbox 1372 1391 1412 1464; x_wconf 92' lang='lat' dir='ltr'>N</span> <span class='ocrx_word' id='word_1_17' title='bbox 1414 1390 1591 1467; x_wconf 84' lang='lat' dir='ltr'><strong>icholaum</strong></span> <span class='ocrx_word' id='word_1_18' title='bbox 1621 1392 1668 1466; x_wconf 90' lang='lat' dir='ltr'><strong>de</strong></span> <span class='ocrx_word' id='word_1_19' title='bbox 1702 1390 1865 1492; x_wconf 85' lang='lat' dir='ltr'><strong>Kynbuk</strong></span> <span class='ocrx_word' id='word_1_20' title='bbox 1893 1385 2070 1464; x_wconf 87' lang='lat' dir='ltr'><strong>archidia-</strong></span> 
     </span>
     <span class='ocr_line' id='line_1_4' title="bbox 564 1521 2068 1626; baseline -0.005 -22"><span class='ocrx_word' id='word_1_21' title='bbox 564 1553 695 1604; x_wconf 82' lang='lat' dir='ltr'><strong>conum</strong></span> <span class='ocrx_word' id='word_1_22' title='bbox 718 1527 1010 1604; x_wconf 87' lang='lat' dir='ltr'><strong>Dunblanensem</strong></span> <span class='ocrx_word' id='word_1_23' title='bbox 1039 1552 1104 1626; x_wconf 90' lang='lat' dir='ltr'><strong>per</strong></span> <span class='ocrx_word' id='word_1_24' title='bbox 1128 1526 1362 1602; x_wconf 85' lang='lat' dir='ltr'><strong>instrumenta</strong></span> <span class='ocrx_word' id='word_1_25' title='bbox 1390 1525 1573 1600; x_wconf 86' lang='lat' dir='ltr'><strong>autentica</strong></span> <span class='ocrx_word' id='word_1_26' title='bbox 1601 1523 1719 1625; x_wconf 74' lang='lat' dir='ltr'>sigillis</span> <span class='ocrx_word' id='word_1_27' title='bbox 1747 1521 2000 1600; x_wconf 82' lang='lat' dir='ltr'><strong>venerabilium</strong></span> <span class='ocrx_word' id='word_1_28' title='bbox 2028 1522 2068 1597; x_wconf 88' lang='lat' dir='ltr'><strong>in</strong></span> 
     </span>
     <span class='ocr_line' id='line_1_5' title="bbox 564 1653 2068 1760; baseline -0.007 -22"><span class='ocrx_word' id='word_1_29' title='bbox 564 1661 705 1738; x_wconf 73' lang='lat' dir='ltr'><strong>Christo</strong></span> <span class='ocrx_word' id='word_1_30' title='bbox 720 1675 862 1760; x_wconf 87' lang='lat' dir='ltr'><strong>patrum</strong></span> <span class='ocrx_word' id='word_1_31' title='bbox 878 1659 1104 1736; x_wconf 89' lang='lat' dir='ltr'><strong>dominorum</strong></span> <span class='ocrx_word' id='word_1_32' title='bbox 1123 1657 1367 1760; x_wconf 88' lang='lat' dir='ltr'><strong>cpiscoporum</strong></span> <span class='ocrx_word' id='word_1_33' title='bbox 1386 1654 1494 1732; x_wconf 77' lang='lat' dir='ltr'><strong>sensti</strong></span> <span class='ocrx_word' id='word_1_34' title='bbox 1515 1655 1666 1730; x_wconf 89' lang='lat' dir='ltr'><strong>Andrce</strong></span> <span class='ocrx_word' id='word_1_35' title='bbox 1689 1669 1726 1730; x_wconf 92' lang='lat' dir='ltr'><strong>et</strong></span> <span class='ocrx_word' id='word_1_36' title='bbox 1745 1653 2010 1730; x_wconf 85' lang='lat' dir='ltr'><strong>Dnnblanensis</strong></span> <span class='ocrx_word' id='word_1_37' title='bbox 2030 1667 2068 1730; x_wconf 90' lang='lat' dir='ltr'><strong>et</strong></span> 
     </span>
     <span class='ocr_line' id='line_1_6' title="bbox 562 1772 2134 1892; baseline -0.006 -24"><span class='ocrx_word' id='word_1_38' title='bbox 562 1792 697 1868; x_wconf 91' lang='lat' dir='ltr'><strong>domini</strong></span> <span class='ocrx_word' id='word_1_39' title='bbox 721 1772 855 1892; x_wconf 84' lang='lat' dir='ltr'><strong>Rogeri</strong></span> <span class='ocrx_word' id='word_1_40' title='bbox 878 1789 1024 1891; x_wconf 86' lang='lat' dir='ltr'><strong>Quincy</strong></span> <span class='ocrx_word' id='word_1_41' title='bbox 1044 1788 1183 1865; x_wconf 87' lang='lat' dir='ltr'><strong>comitis</strong></span> <span class='ocrx_word' id='word_1_42' title='bbox 1205 1787 1368 1889; x_wconf 86' lang='lat' dir='ltr'><strong>Wynton</strong></span> <span class='ocrx_word' id='word_1_43' title='bbox 1389 1787 1635 1886; x_wconf 84' lang='lat' dir='ltr'><strong>constabillarij</strong></span> <span class='ocrx_word' id='word_1_44' title='bbox 1663 1786 1783 1862; x_wconf 85' lang='lat' dir='ltr'><strong>Scotie</strong></span> <span class='ocrx_word' id='word_1_45' title='bbox 1804 1786 1970 1862; x_wconf 90' lang='lat' dir='ltr'><strong>roborata</strong></span> <span class='ocrx_word' id='word_1_46' title='bbox 1991 1812 2066 1860; x_wconf 88' lang='lat' dir='ltr'><strong>non</strong></span> <span class='ocrx_word' id='word_1_47' title='bbox 2129 1835 2134 1844; x_wconf 82' lang='lat'><strong>·</strong></span> 
     </span>
     <span class='ocr_line' id='line_1_7' title="bbox 562 1897 2068 2021; baseline -0.008 -19"><span class='ocrx_word' id='word_1_48' title='bbox 562 1923 753 2002; x_wconf 76' lang='lat' dir='ltr'><strong>cancellata</strong></span> <span class='ocrx_word' id='word_1_49' title='bbox 781 1923 903 1999; x_wconf 92' lang='lat' dir='ltr'><strong>necin</strong></span> <span class='ocrx_word' id='word_1_50' title='bbox 919 1921 1037 2021; x_wconf 86' lang='lat' dir='ltr'><strong>aliqua</strong></span> <span class='ocrx_word' id='word_1_51' title='bbox 1052 1897 1103 1994; x_wconf 86' lang='lat' dir='ltr'><strong>sni</strong></span> <span class='ocrx_word' id='word_1_52' title='bbox 1118 1933 1220 2021; x_wconf 84' lang='lat' dir='ltr'><strong>parte</strong></span> <span class='ocrx_word' id='word_1_53' title='bbox 1237 1920 1367 1994; x_wconf 86' lang='lat' dir='ltr'><strong>viciata</strong></span> <span class='ocrx_word' id='word_1_54' title='bbox 1383 1920 1476 1995; x_wconf 88' lang='lat' dir='ltr'><strong>bene</strong></span> <span class='ocrx_word' id='word_1_55' title='bbox 1501 1935 1539 1996; x_wconf 92' lang='lat' dir='ltr'><strong>et</strong></span> <span class='ocrx_word' id='word_1_56' title='bbox 1556 1921 1723 1996; x_wconf 89' lang='lat' dir='ltr'><strong>decenter</strong></span> <span class='ocrx_word' id='word_1_57' title='bbox 1742 1919 1974 2020; x_wconf 80' lang='lat' dir='ltr'><strong>cyrograffata</strong></span> <span class='ocrx_word' id='word_1_58' title='bbox 1989 1943 2068 1992; x_wconf 91' lang='lat' dir='ltr'><strong>cer-</strong></span> 
     </span>
     <span class='ocr_line' id='line_1_8' title="bbox 559 2048 2067 2132; baseline -0.007 0"><span class='ocrx_word' id='word_1_59' title='bbox 559 2057 686 2132; x_wconf 89' lang='lat' dir='ltr'><strong>tificari</strong></span> <span class='ocrx_word' id='word_1_60' title='bbox 706 2083 772 2132; x_wconf 89' lang='lat' dir='ltr'><strong>nos</strong></span> <span class='ocrx_word' id='word_1_61' title='bbox 792 2071 829 2131; x_wconf 85' lang='lat' dir='ltr'><strong>et</strong></span> <span class='ocrx_word' id='word_1_62' title='bbox 844 2055 1048 2131; x_wconf 82' lang='lat' dir='ltr'><strong>successores</strong></span> <span class='ocrx_word' id='word_1_63' title='bbox 1065 2055 1199 2128; x_wconf 86' lang='lat' dir='ltr'><strong>nostros</strong></span> <span class='ocrx_word' id='word_1_64' title='bbox 1215 2053 1482 2130; x_wconf 77' lang='lat' dir='ltr'><strong>archidiaconos</strong></span> <span class='ocrx_word' id='word_1_65' title='bbox 1505 2052 1790 2129; x_wconf 86' lang='lat' dir='ltr'><strong>Dumblanenses</strong></span> <span class='ocrx_word' id='word_1_66' title='bbox 1809 2051 1958 2126; x_wconf 86' lang='lat' dir='ltr'><strong>firmiter</strong></span> <span class='ocrx_word' id='word_1_67' title='bbox 1977 2048 2067 2124; x_wconf 91' lang='lat' dir='ltr'><strong>obli-</strong></span> 
     </span>
     <span class='ocr_line' id='line_1_9' title="bbox 558 2183 2067 2295; baseline -0.007 -27"><span class='ocrx_word' id='word_1_68' title='bbox 558 2207 660 2295; x_wconf 82' lang='lat' dir='ltr'><strong>gatos</strong></span> <span class='ocrx_word' id='word_1_69' title='bbox 680 2193 794 2268; x_wconf 87' lang='lat' dir='ltr'><strong>teneri</strong></span> <span class='ocrx_word' id='word_1_70' title='bbox 816 2191 917 2266; x_wconf 76' lang='lat' dir='ltr'><strong>distis</strong></span> <span class='ocrx_word' id='word_1_71' title='bbox 939 2190 1059 2265; x_wconf 84' lang='lat' dir='ltr'><strong>abbati</strong></span> <span class='ocrx_word' id='word_1_72' title='bbox 1078 2202 1115 2266; x_wconf 87' lang='lat' dir='ltr'><strong>et</strong></span> <span class='ocrx_word' id='word_1_73' title='bbox 1137 2189 1330 2264; x_wconf 78' lang='lat' dir='ltr'><strong>conuentui</strong></span> <span class='ocrx_word' id='word_1_74' title='bbox 1346 2189 1392 2264; x_wconf 91' lang='lat' dir='ltr'><strong>de</strong></span> <span class='ocrx_word' id='word_1_75' title='bbox 1415 2185 1540 2262; x_wconf 80' lang='lat' dir='ltr'>Insula</span> <span class='ocrx_word' id='word_1_76' title='bbox 1559 2187 1746 2270; x_wconf 66' lang='lat' dir='ltr'><strong>missarum</strong></span> <span class='ocrx_word' id='word_1_77' title='bbox 1762 2199 1800 2262; x_wconf 94' lang='lat' dir='ltr'><strong>et</strong></span> <span class='ocrx_word' id='word_1_78' title='bbox 1818 2183 2067 2260; x_wconf 84' lang='lat' dir='ltr'><strong>successoribus</strong></span> 
     </span>
     <span class='ocr_line' id='line_1_10' title="bbox 559 2316 2071 2425; baseline -0.007 -22"><span class='ocrx_word' id='word_1_79' title='bbox 559 2327 627 2403; x_wconf 87' lang='lat' dir='ltr'><strong>suis</strong></span> <span class='ocrx_word' id='word_1_80' title='bbox 647 2326 686 2402; x_wconf 90' lang='lat' dir='ltr'><strong>in</strong></span> <span class='ocrx_word' id='word_1_81' title='bbox 705 2326 830 2425; x_wconf 85' lang='lat' dir='ltr'><strong>viginti</strong></span> <span class='ocrx_word' id='word_1_82' title='bbox 849 2323 974 2399; x_wconf 89' lang='lat' dir='ltr'><strong>solidos</strong></span> <span class='ocrx_word' id='word_1_83' title='bbox 995 2321 1241 2422; x_wconf 81' lang='lat' dir='ltr'><strong>sterlingorum</strong></span> <span class='ocrx_word' id='word_1_84' title='bbox 1260 2322 1449 2396; x_wconf 87' lang='lat' dir='ltr'><strong>annuatim</strong></span> <span class='ocrx_word' id='word_1_85' title='bbox 1473 2319 1651 2395; x_wconf 89' lang='lat' dir='ltr'><strong>soluendis</strong></span> <span class='ocrx_word' id='word_1_86' title='bbox 1671 2320 1802 2395; x_wconf 87' lang='lat' dir='ltr'><strong>eisdem</strong></span> <span class='ocrx_word' id='word_1_87' title='bbox 1818 2316 1876 2393; x_wconf 84' lang='lat' dir='ltr'><strong>rel</strong></span> <span class='ocrx_word' id='word_1_88' title='bbox 1891 2318 1953 2391; x_wconf 92' lang='lat' dir='ltr'><strong>suo</strong></span> <span class='ocrx_word' id='word_1_89' title='bbox 1974 2329 2071 2392; x_wconf 90' lang='lat' dir='ltr'><strong>certo</strong></span> 
     </span>
     <span class='ocr_line' id='line_1_11' title="bbox 559 2447 2068 2558; baseline -0.006 -25"><span class='ocrx_word' id='word_1_90' title='bbox 559 2459 726 2558; x_wconf 81' lang='lat' dir='ltr'><strong>asignato</strong></span> <span class='ocrx_word' id='word_1_91' title='bbox 749 2457 795 2531; x_wconf 90' lang='lat' dir='ltr'><strong>ad</strong></span> <span class='ocrx_word' id='word_1_92' title='bbox 815 2457 941 2532; x_wconf 83' lang='lat' dir='ltr'><strong>fesium</strong></span> <span class='ocrx_word' id='word_1_93' title='bbox 961 2455 1067 2530; x_wconf 74' lang='lat' dir='ltr'><strong>sancii</strong></span> <span class='ocrx_word' id='word_1_94' title='bbox 1091 2451 1241 2534; x_wconf 66' lang='lat' dir='ltr'><strong>martini</strong></span> <span class='ocrx_word' id='word_1_95' title='bbox 1264 2453 1302 2528; x_wconf 90' lang='lat' dir='ltr'><strong>in</strong></span> <span class='ocrx_word' id='word_1_96' title='bbox 1332 2478 1437 2554; x_wconf 82' lang='lat' dir='ltr'><strong>yeme</strong></span> <span class='ocrx_word' id='word_1_97' title='bbox 1463 2451 1561 2552; x_wconf 84' lang='lat' dir='ltr'><strong>apud</strong></span> <span class='ocrx_word' id='word_1_98' title='bbox 1586 2450 1745 2552; x_wconf 82' lang='lat' dir='ltr'><strong>Nesgaslr</strong></span> <span class='ocrx_word' id='word_1_99' title='bbox 1769 2474 1835 2549; x_wconf 92' lang='lat' dir='ltr'><strong>pro</strong></span> <span class='ocrx_word' id='word_1_100' title='bbox 1856 2447 2002 2524; x_wconf 79' lang='lat' dir='ltr'><strong>decimis</strong></span> <span class='ocrx_word' id='word_1_101' title='bbox 2031 2460 2068 2524; x_wconf 83' lang='lat' dir='ltr'><strong>et</strong></span> 
     </span>
     <span class='ocr_line' id='line_1_12' title="bbox 558 2583 2065 2693; baseline 0 -27"><span class='ocrx_word' id='word_1_102' title='bbox 558 2589 723 2666; x_wconf 89' lang='lat' dir='ltr'><strong>omnibus</strong></span> <span class='ocrx_word' id='word_1_103' title='bbox 740 2590 845 2663; x_wconf 91' lang='lat' dir='ltr'><strong>rebus</strong></span> <span class='ocrx_word' id='word_1_104' title='bbox 861 2587 938 2661; x_wconf 87' lang='lat' dir='ltr'><strong>aliis</strong></span> <span class='ocrx_word' id='word_1_105' title='bbox 955 2611 1044 2686; x_wconf 85' lang='lat' dir='ltr'><strong>quas</strong></span> <span class='ocrx_word' id='word_1_106' title='bbox 1059 2583 1146 2659; x_wconf 78' lang='lat' dir='ltr'><strong>dissi</strong></span> <span class='ocrx_word' id='word_1_107' title='bbox 1163 2585 1299 2659; x_wconf 91' lang='lat' dir='ltr'><strong>domini</strong></span> <span class='ocrx_word' id='word_1_108' title='bbox 1315 2587 1424 2662; x_wconf 88' lang='lat' dir='ltr'><strong>abbas</strong></span> <span class='ocrx_word' id='word_1_109' title='bbox 1442 2602 1479 2663; x_wconf 88' lang='lat' dir='ltr'><strong>et</strong></span> <span class='ocrx_word' id='word_1_110' title='bbox 1494 2609 1695 2670; x_wconf 89' lang='lat' dir='ltr'><strong>conuentus</strong></span> <span class='ocrx_word' id='word_1_111' title='bbox 1711 2593 1894 2693; x_wconf 80' lang='lat' dir='ltr'><strong>percipere</strong></span> <span class='ocrx_word' id='word_1_112' title='bbox 1908 2589 2065 2666; x_wconf 87' lang='lat' dir='ltr'><strong>solebant</strong></span> 
     </span>
     <span class='ocr_line' id='line_1_13' title="bbox 559 2717 2065 2823; baseline 0.003 -27"><span class='ocrx_word' id='word_1_113' title='bbox 559 2722 605 2796; x_wconf 90' lang='lat' dir='ltr'><strong>de</strong></span> <span class='ocrx_word' id='word_1_114' title='bbox 635 2735 730 2796; x_wconf 90' lang='lat' dir='ltr'><strong>terra</strong></span> <span class='ocrx_word' id='word_1_115' title='bbox 759 2745 829 2819; x_wconf 88' lang='lat' dir='ltr'><strong>que</strong></span> <span class='ocrx_word' id='word_1_116' title='bbox 855 2718 984 2793; x_wconf 90' lang='lat' dir='ltr'><strong>dicitur</strong></span> <span class='ocrx_word' id='word_1_117' title='bbox 1013 2717 1239 2816; x_wconf 87' lang='lat' dir='ltr'><strong>Pettynesine</strong></span> <span class='ocrx_word' id='word_1_118' title='bbox 1264 2717 1402 2794; x_wconf 89' lang='lat' dir='ltr'><strong>ratione</strong></span> <span class='ocrx_word' id='word_1_119' title='bbox 1426 2722 1568 2800; x_wconf 74' lang='lat' dir='ltr'><strong>ecclesie</strong></span> <span class='ocrx_word' id='word_1_120' title='bbox 1594 2725 1655 2800; x_wconf 91' lang='lat' dir='ltr'><strong>suc</strong></span> <span class='ocrx_word' id='word_1_121' title='bbox 1681 2722 1727 2823; x_wconf 89' lang='lat' dir='ltr'><strong>de</strong></span> <span class='ocrx_word' id='word_1_122' title='bbox 1750 2723 1848 2799; x_wconf 76' lang='lat' dir='ltr'><strong>Gaslr</strong></span> <span class='ocrx_word' id='word_1_123' title='bbox 1871 2722 2001 2800; x_wconf 79' lang='lat' dir='ltr'><strong>Christi</strong></span> <span class='ocrx_word' id='word_1_124' title='bbox 2027 2737 2065 2800; x_wconf 90' lang='lat' dir='ltr'><strong>ct</strong></span> 
     </span>
     <span class='ocr_line' id='line_1_14' title="bbox 558 2847 2062 2958; baseline 0.001 -32"><span class='ocrx_word' id='word_1_125' title='bbox 558 2877 645 2951; x_wconf 91' lang='lat' dir='ltr'><strong>quas</strong></span> <span class='ocrx_word' id='word_1_126' title='bbox 665 2876 731 2926; x_wconf 92' lang='lat' dir='ltr'><strong>nos</strong></span> <span class='ocrx_word' id='word_1_127' title='bbox 751 2849 962 2948; x_wconf 89' lang='lat' dir='ltr'><strong>possidemus</strong></span> <span class='ocrx_word' id='word_1_128' title='bbox 980 2849 1119 2924; x_wconf 87' lang='lat' dir='ltr'><strong>ratione</strong></span> <span class='ocrx_word' id='word_1_129' title='bbox 1139 2847 1279 2925; x_wconf 84' lang='lat' dir='ltr'><strong>ecclesie</strong></span> <span class='ocrx_word' id='word_1_130' title='bbox 1296 2851 1411 2926; x_wconf 86' lang='lat' dir='ltr'><strong>nostre</strong></span> <span class='ocrx_word' id='word_1_131' title='bbox 1427 2854 1475 2929; x_wconf 91' lang='lat' dir='ltr'><strong>dc</strong></span> <span class='ocrx_word' id='word_1_132' title='bbox 1492 2855 1652 2957; x_wconf 83' lang='lat' dir='ltr'><strong>Nesgssk</strong></span> <span class='ocrx_word' id='word_1_133' title='bbox 1667 2856 1783 2958; x_wconf 83' lang='lat' dir='ltr'><strong>gratia</strong></span> <span class='ocrx_word' id='word_1_134' title='bbox 1799 2853 2062 2952; x_wconf 81' lang='lat' dir='ltr'><strong>compositionis</strong></span> 
     </span>
     <span class='ocr_line' id='line_1_15' title="bbox 556 2979 2062 3088; baseline 0.003 -32"><span class='ocrx_word' id='word_1_135' title='bbox 556 2983 649 3058; x_wconf 86' lang='lat' dir='ltr'><strong>inter</strong></span> <span class='ocrx_word' id='word_1_136' title='bbox 668 2981 925 3082; x_wconf 79' lang='lat' dir='ltr'><strong>predecessores</strong></span> <span class='ocrx_word' id='word_1_137' title='bbox 948 2982 1083 3056; x_wconf 85' lang='lat' dir='ltr'><strong>nostros</strong></span> <span class='ocrx_word' id='word_1_138' title='bbox 1103 2979 1192 3055; x_wconf 76' lang='lat' dir='ltr'><strong>susle</strong></span> <span class='ocrx_word' id='word_1_139' title='bbox 1211 2981 1298 3055; x_wconf 90' lang='lat' dir='ltr'><strong>sicut</strong></span> <span class='ocrx_word' id='word_1_140' title='bbox 1320 2979 1515 3060; x_wconf 85' lang='lat' dir='ltr'><strong>indentura</strong></span> <span class='ocrx_word' id='word_1_141' title='bbox 1532 2986 1638 3088; x_wconf 87' lang='lat' dir='ltr'><strong>super</strong></span> <span class='ocrx_word' id='word_1_142' title='bbox 1659 2987 1728 3063; x_wconf 90' lang='lat' dir='ltr'><strong>boc</strong></span> <span class='ocrx_word' id='word_1_143' title='bbox 1748 2984 1906 3062; x_wconf 73' lang='lat' dir='ltr'><strong>consessa</strong></span> <span class='ocrx_word' id='word_1_144' title='bbox 1920 2984 2062 3085; x_wconf 79' lang='lat' dir='ltr'><strong>plenius</strong></span> 
     </span>
     <span class='ocr_line' id='line_1_16' title="bbox 557 3111 2059 3217; baseline 0 -27"><span class='ocrx_word' id='word_1_145' title='bbox 557 3114 761 3190; x_wconf 80' lang='lat' dir='ltr'><strong>continetur</strong></span> <span class='ocrx_word' id='word_1_146' title='bbox 778 3129 814 3188; x_wconf 91' lang='lat' dir='ltr'><strong>et</strong></span> <span class='ocrx_word' id='word_1_147' title='bbox 830 3111 899 3189; x_wconf 90' lang='lat' dir='ltr'><strong>boc</strong></span> <span class='ocrx_word' id='word_1_148' title='bbox 915 3112 1079 3187; x_wconf 90' lang='lat' dir='ltr'><strong>omnibus</strong></span> <span class='ocrx_word' id='word_1_149' title='bbox 1096 3139 1249 3211; x_wconf 89' lang='lat' dir='ltr'><strong>qnorum</strong></span> <span class='ocrx_word' id='word_1_150' title='bbox 1265 3113 1409 3190; x_wconf 88' lang='lat' dir='ltr'><strong>interesl</strong></span> <span class='ocrx_word' id='word_1_151' title='bbox 1426 3131 1551 3194; x_wconf 92' lang='lat' dir='ltr'><strong>tenore</strong></span> <span class='ocrx_word' id='word_1_152' title='bbox 1563 3117 1783 3217; x_wconf 87' lang='lat' dir='ltr'><strong>presencium</strong></span> <span class='ocrx_word' id='word_1_153' title='bbox 1794 3117 2031 3217; x_wconf 83' lang='lat' dir='ltr'><strong>fignificamus</strong></span> <span class='ocrx_word' id='word_1_154' title='bbox 2050 3157 2059 3177; x_wconf 90' lang='lat'><strong>·</strong></span> 
     </span>
     <span class='ocr_line' id='line_1_17' title="bbox 558 3243 2060 3350; baseline 0.004 -30"><span class='ocrx_word' id='word_1_155' title='bbox 558 3247 603 3320; x_wconf 93' lang='lat' dir='ltr'><strong>In</strong></span> <span class='ocrx_word' id='word_1_156' title='bbox 630 3249 733 3344; x_wconf 88' lang='lat' dir='ltr'><strong>cujus</strong></span> <span class='ocrx_word' id='word_1_157' title='bbox 757 3245 809 3320; x_wconf 92' lang='lat' dir='ltr'><strong>rei</strong></span> <span class='ocrx_word' id='word_1_158' title='bbox 832 3243 1071 3320; x_wconf 85' lang='lat' dir='ltr'><strong>testimonium</strong></span> <span class='ocrx_word' id='word_1_159' title='bbox 1097 3243 1317 3344; x_wconf 80' lang='lat' dir='ltr'><strong>presentibus</strong></span> <span class='ocrx_word' id='word_1_160' title='bbox 1344 3245 1495 3346; x_wconf 81' lang='lat' dir='ltr'><strong>sigillum</strong></span> <span class='ocrx_word' id='word_1_161' title='bbox 1517 3249 1677 3323; x_wconf 90' lang='lat' dir='ltr'><strong>noslrum</strong></span> <span class='ocrx_word' id='word_1_162' title='bbox 1702 3249 1929 3350; x_wconf 88' lang='lat' dir='ltr'><strong>apposuimus</strong></span> <span class='ocrx_word' id='word_1_163' title='bbox 1956 3264 1993 3327; x_wconf 91' lang='lat' dir='ltr'><strong>et</strong></span> <span class='ocrx_word' id='word_1_164' title='bbox 2022 3251 2060 3326; x_wconf 87' lang='lat' dir='ltr'><strong>in</strong></span> 
     </span>
     <span class='ocr_line' id='line_1_18' title="bbox 554 3369 2058 3481; baseline 0.002 -28"><span class='ocrx_word' id='word_1_165' title='bbox 554 3378 759 3454; x_wconf 89' lang='lat' dir='ltr'><strong>enidencius</strong></span> <span class='ocrx_word' id='word_1_166' title='bbox 784 3369 1025 3453; x_wconf 81' lang='lat' dir='ltr'><strong>testimonium</strong></span> <span class='ocrx_word' id='word_1_167' title='bbox 1050 3374 1198 3477; x_wconf 78' lang='lat' dir='ltr'><strong>tigillum</strong></span> <span class='ocrx_word' id='word_1_168' title='bbox 1220 3377 1430 3453; x_wconf 87' lang='lat' dir='ltr'><strong>venerabilis</strong></span> <span class='ocrx_word' id='word_1_169' title='bbox 1452 3380 1493 3453; x_wconf 92' lang='lat' dir='ltr'><strong>in</strong></span> <span class='ocrx_word' id='word_1_170' title='bbox 1514 3378 1655 3456; x_wconf 78' lang='lat' dir='ltr'><strong>Glarisbo</strong></span> <span class='ocrx_word' id='word_1_171' title='bbox 1677 3380 1789 3481; x_wconf 83' lang='lat' dir='ltr'><strong>patris</strong></span> <span class='ocrx_word' id='word_1_172' title='bbox 1813 3382 1949 3457; x_wconf 91' lang='lat' dir='ltr'><strong>domini</strong></span> <span class='ocrx_word' id='word_1_173' title='bbox 1964 3381 2058 3456; x_wconf 89' lang='lat' dir='ltr'><strong>Wil-</strong></span> 
     </span>
     <span class='ocr_line' id='line_1_19' title="bbox 553 3507 2057 3613; baseline 0.005 -30"><span class='ocrx_word' id='word_1_174' title='bbox 553 3508 651 3585; x_wconf 92' lang='lat' dir='ltr'><strong>lelmi</strong></span> <span class='ocrx_word' id='word_1_175' title='bbox 680 3510 739 3584; x_wconf 91' lang='lat' dir='ltr'><strong>dei</strong></span> <span class='ocrx_word' id='word_1_176' title='bbox 767 3508 882 3609; x_wconf 80' lang='lat' dir='ltr'><strong>gratis</strong></span> <span class='ocrx_word' id='word_1_177' title='bbox 916 3508 1066 3609; x_wconf 87' lang='lat' dir='ltr'><strong>episcopi</strong></span> <span class='ocrx_word' id='word_1_178' title='bbox 1095 3507 1359 3585; x_wconf 88' lang='lat' dir='ltr'><strong>Dnnblanensis</strong></span> <span class='ocrx_word' id='word_1_179' title='bbox 1393 3524 1430 3586; x_wconf 88' lang='lat' dir='ltr'><strong>et</strong></span> <span class='ocrx_word' id='word_1_180' title='bbox 1464 3511 1601 3586; x_wconf 89' lang='lat' dir='ltr'><strong>domini</strong></span> <span class='ocrx_word' id='word_1_181' title='bbox 1629 3511 1819 3588; x_wconf 85' lang='lat' dir='ltr'><strong>Laurencii</strong></span> <span class='ocrx_word' id='word_1_182' title='bbox 1852 3514 1978 3613; x_wconf 88' lang='lat' dir='ltr'><strong>prioris</strong></span> <span class='ocrx_word' id='word_1_183' title='bbox 2011 3513 2057 3591; x_wconf 92' lang='lat' dir='ltr'><strong>de</strong></span> 
     </span>
     <span class='ocr_line' id='line_1_20' title="bbox 553 3624 2202 3743; baseline 0.002 -29"><span class='ocrx_word' id='word_1_184' title='bbox 553 3638 753 3716; x_wconf 87' lang='lat' dir='ltr'><strong>Abemethi</strong></span> <span class='ocrx_word' id='word_1_185' title='bbox 782 3639 916 3741; x_wconf 88' lang='lat' dir='ltr'><strong>apponi</strong></span> <span class='ocrx_word' id='word_1_186' title='bbox 940 3640 1209 3740; x_wconf 87' lang='lat' dir='ltr'><strong>procurauimus</strong></span> <span class='ocrx_word' id='word_1_187' title='bbox 1224 3639 1325 3715; x_wconf 85' lang='lat' dir='ltr'><strong>Data</strong></span> <span class='ocrx_word' id='word_1_188' title='bbox 1340 3642 1438 3742; x_wconf 89' lang='lat' dir='ltr'><strong>apud</strong></span> <span class='ocrx_word' id='word_1_189' title='bbox 1456 3641 1653 3718; x_wconf 86' lang='lat' dir='ltr'><strong>Dunblanc</strong></span> <span class='ocrx_word' id='word_1_190' title='bbox 1673 3642 1730 3718; x_wconf 90' lang='lat' dir='ltr'><strong>die</strong></span> <span class='ocrx_word' id='word_1_191' title='bbox 1746 3643 1916 3743; x_wconf 64' lang='lat' dir='ltr'><strong>mercurij</strong></span> <span class='ocrx_word' id='word_1_192' title='bbox 1945 3687 1954 3705; x_wconf 89' lang='lat'><strong>·</strong></span> <span class='ocrx_word' id='word_1_193' title='bbox 1980 3648 2016 3743; x_wconf 81' lang='lat' dir='ltr'><strong>xj</strong></span> <span class='ocrx_word' id='word_1_194' title='bbox 2044 3685 2054 3706; x_wconf 90' lang='lat'><strong>·</strong></span> <span class='ocrx_word' id='word_1_195' title='bbox 2199 3624 2202 3631; x_wconf 34' lang='lat'>⁵</span> 
     </span>
     <span class='ocr_line' id='line_1_21' title="bbox 553 3771 2055 3877; baseline 0.003 -30"><span class='ocrx_word' id='word_1_196' title='bbox 553 3773 612 3848; x_wconf 91' lang='lat' dir='ltr'><strong>die</strong></span> <span class='ocrx_word' id='word_1_197' title='bbox 627 3774 754 3849; x_wconf 86' lang='lat' dir='ltr'><strong>mensis</strong></span> <span class='ocrx_word' id='word_1_198' title='bbox 770 3771 931 3874; x_wconf 88' lang='lat' dir='ltr'><strong>Apprilis</strong></span> <span class='ocrx_word' id='word_1_199' title='bbox 953 3799 1048 3848; x_wconf 86' lang='lat' dir='ltr'><strong>anno</strong></span> <span class='ocrx_word' id='word_1_200' title='bbox 1071 3773 1116 3848; x_wconf 90' lang='lat' dir='ltr'><strong>ab</strong></span> <span class='ocrx_word' id='word_1_201' title='bbox 1139 3773 1380 3851; x_wconf 75' lang='lat' dir='ltr'><strong>incarnatione</strong></span> <span class='ocrx_word' id='word_1_202' title='bbox 1402 3773 1533 3851; x_wconf 70' lang='lat' dir='ltr'><strong>christi</strong></span> <span class='ocrx_word' id='word_1_203' title='bbox 1552 3775 1734 3851; x_wconf 88' lang='lat' dir='ltr'><strong>millesimo</strong></span> <span class='ocrx_word' id='word_1_204' title='bbox 1756 3786 1856 3852; x_wconf 68' lang='lat' dir='ltr'><strong>ccc*no</strong></span> <span class='ocrx_word' id='word_1_205' title='bbox 1877 3777 2055 3877; x_wconf 76' lang='lat' dir='ltr'><strong>quinqua-</strong></span> 
     </span>
     <span class='ocr_line' id='line_1_22' title="bbox 552 3907 855 4007; baseline -0.017 -22"><span class='ocrx_word' id='word_1_206' title='bbox 552 3907 684 4007; x_wconf 83' lang='lat' dir='ltr'><strong>gesimo</strong></span> <span class='ocrx_word' id='word_1_207' title='bbox 700 3918 855 3981; x_wconf 86' lang='lat' dir='ltr'><strong>octauo·</strong></span> 
     </span>
    </p>
   </div>
   <div class='ocr_carea' id='block_1_4' title="bbox 557 4272 1110 4402">
    <p class='ocr_par' dir='ltr' id='par_1_4' title="bbox 557 4272 1110 4402">
     <span class='ocr_line' id='line_1_23' title="bbox 557 4272 1110 4402; baseline 0.004 -29"><span class='ocrx_word' id='word_1_208' title='bbox 557 4272 678 4373; x_wconf 74' lang='lat' dir='ltr'><strong>Carta</strong></span> <span class='ocrx_word' id='word_1_209' title='bbox 692 4299 828 4375; x_wconf 86' lang='lat' dir='ltr'><strong>brasine</strong></span> <span class='ocrx_word' id='word_1_210' title='bbox 844 4299 889 4375; x_wconf 90' lang='lat' dir='ltr'><strong>de</strong></span> <span class='ocrx_word' id='word_1_211' title='bbox 906 4298 1082 4402; x_wconf 84' lang='lat' dir='ltr'><strong>Petlandy</strong></span> <span class='ocrx_word' id='word_1_212' title='bbox 1100 4340 1110 4361; x_wconf 91' lang='lat'><strong>·</strong></span> 
     </span>
    </p>
   </div>
   <div class='ocr_carea' id='block_1_5' title="bbox 487 4534 2156 4927">
    <p class='ocr_par' dir='ltr' id='par_1_5' title="bbox 487 4534 2156 4927">
     <span class='ocr_line' id='line_1_24' title="bbox 487 4534 2156 4664; baseline 0.011 -33"><span class='ocrx_word' id='word_1_213' title='bbox 487 4559 537 4631; x_wconf 80' lang='grc'><strong>32</strong></span> <span class='ocrx_word' id='word_1_214' title='bbox 556 4534 748 4637; x_wconf 86' lang='lat' dir='ltr'><strong>Omnibus</strong></span> <span class='ocrx_word' id='word_1_215' title='bbox 783 4561 913 4637; x_wconf 80' lang='lat' dir='ltr'><strong>christi</strong></span> <span class='ocrx_word' id='word_1_216' title='bbox 940 4560 1103 4637; x_wconf 88' lang='lat' dir='ltr'><strong>fidelibus</strong></span> <span class='ocrx_word' id='word_1_217' title='bbox 1129 4562 1269 4662; x_wconf 87' lang='lat' dir='ltr'><strong>presens</strong></span> <span class='ocrx_word' id='word_1_218' title='bbox 1298 4562 1466 4664; x_wconf 88' lang='lat' dir='ltr'><strong>scriptum</strong></span> <span class='ocrx_word' id='word_1_219' title='bbox 1492 4562 1615 4638; x_wconf 87' lang='lat' dir='ltr'><strong>visuris</strong></span> <span class='ocrx_word' id='word_1_220' title='bbox 1642 4563 1700 4641; x_wconf 82' lang='lat' dir='ltr'><strong>vel</strong></span> <span class='ocrx_word' id='word_1_221' title='bbox 1727 4565 1902 4645; x_wconf 72' lang='lat' dir='ltr'><strong>audituris</strong></span> <span class='ocrx_word' id='word_1_222' title='bbox 1930 4569 2049 4649; x_wconf 85' lang='lat' dir='ltr'><strong>Lucas</strong></span> <span class='ocrx_word' id='word_1_223' title='bbox 2153 4632 2156 4635; x_wconf 77' lang='lat'>-</span> 
     </span>
     <span class='ocr_line' id='line_1_25' title="bbox 551 4692 2050 4795; baseline 0.009 -28"><span class='ocrx_word' id='word_1_224' title='bbox 551 4692 645 4767; x_wconf 85' lang='lat' dir='ltr'><strong>filius</strong></span> <span class='ocrx_word' id='word_1_225' title='bbox 663 4693 860 4770; x_wconf 87' lang='lat' dir='ltr'><strong>Theobaldi</strong></span> <span class='ocrx_word' id='word_1_226' title='bbox 874 4694 919 4770; x_wconf 91' lang='lat' dir='ltr'><strong>de</strong></span> <span class='ocrx_word' id='word_1_227' title='bbox 936 4693 1110 4795; x_wconf 87' lang='lat' dir='ltr'><strong>Petlandy</strong></span> <span class='ocrx_word' id='word_1_228' title='bbox 1127 4708 1287 4771; x_wconf 83' lang='lat' dir='ltr'><strong>eternam</strong></span> <span class='ocrx_word' id='word_1_229' title='bbox 1304 4695 1342 4769; x_wconf 93' lang='lat' dir='ltr'><strong>in</strong></span> <span class='ocrx_word' id='word_1_230' title='bbox 1359 4696 1504 4772; x_wconf 90' lang='lat' dir='ltr'><strong>domino</strong></span> <span class='ocrx_word' id='word_1_231' title='bbox 1515 4695 1661 4772; x_wconf 85' lang='lat' dir='ltr'><strong>salutem</strong></span> <span class='ocrx_word' id='word_1_232' title='bbox 1679 4741 1689 4759; x_wconf 86' lang='lat'><strong>·</strong></span> <span class='ocrx_word' id='word_1_233' title='bbox 1709 4698 1890 4779; x_wconf 90' lang='lat' dir='ltr'><strong>Nouerint</strong></span> <span class='ocrx_word' id='word_1_234' title='bbox 1901 4705 2050 4783; x_wconf 84' lang='lat' dir='ltr'><strong>minersi</strong></span> 
     </span>
     <span class='ocr_line' id='line_1_26' title="bbox 551 4824 2051 4927; baseline 0.007 -27"><span class='ocrx_word' id='word_1_235' title='bbox 551 4848 608 4903; x_wconf 89' lang='lat' dir='ltr'><strong>me</strong></span> <span class='ocrx_word' id='word_1_236' title='bbox 624 4848 690 4925; x_wconf 90' lang='lat' dir='ltr'><strong>pro</strong></span> <span class='ocrx_word' id='word_1_237' title='bbox 706 4824 815 4903; x_wconf 83' lang='lat' dir='ltr'><strong>salute</strong></span> <span class='ocrx_word' id='word_1_238' title='bbox 831 4827 950 4905; x_wconf 88' lang='lat' dir='ltr'><strong>anime</strong></span> <span class='ocrx_word' id='word_1_239' title='bbox 964 4852 1045 4907; x_wconf 85' lang='lat' dir='ltr'><strong>mee</strong></span> <span class='ocrx_word' id='word_1_240' title='bbox 1060 4840 1099 4907; x_wconf 86' lang='lat' dir='ltr'><strong>et</strong></span> <span class='ocrx_word' id='word_1_241' title='bbox 1118 4825 1240 4927; x_wconf 87' lang='lat' dir='ltr'><strong>sponse</strong></span> <span class='ocrx_word' id='word_1_242' title='bbox 1255 4850 1333 4903; x_wconf 87' lang='lat' dir='ltr'><strong>mee</strong></span> <span class='ocrx_word' id='word_1_243' title='bbox 1354 4838 1391 4901; x_wconf 89' lang='lat' dir='ltr'><strong>et</strong></span> <span class='ocrx_word' id='word_1_244' title='bbox 1406 4824 1661 4903; x_wconf 83' lang='lat' dir='ltr'><strong>antecefforum</strong></span> <span class='ocrx_word' id='word_1_245' title='bbox 1679 4852 1841 4904; x_wconf 87' lang='lat' dir='ltr'><strong>meorum</strong></span> <span class='ocrx_word' id='word_1_246' title='bbox 1861 4829 1991 4909; x_wconf 75' lang='lat' dir='ltr'><strong>dedisse</strong></span> <span class='ocrx_word' id='word_1_247' title='bbox 2013 4848 2051 4911; x_wconf 84' lang='lat' dir='ltr'><strong>et</strong></span> 
     </span>
    </p>
   </div>
   <div class='ocr_carea' id='block_1_6' title="bbox 0 0 2872 6700">
    <p class='ocr_par' dir='ltr' id='par_1_6' title="bbox 0 0 2872 6700">
     <span class='ocr_line' id='line_1_27' title="bbox 0 0 2872 6700; baseline 0 0"><span class='ocrx_word' id='word_1_248' title='bbox 0 0 2872 6700; x_wconf 95' lang='lat' dir='ltr'><strong> </strong></span> 
     </span>
    </p>
   </div>
  </div>
 </body>
</html>
