5734 6700
1219 911 1488 978 APPENDIX.
2051 911 2118 978 xlix

604 1123 650 1199 de
667 1124 832 1206 morauia
849 1165 859 1185 ·
877 1123 982 1202 militi
1000 1168 1008 1188 ·
1027 1125 1072 1202 de
1081 1108 1153 1210 ¹irie
1170 1126 1215 1203 de
1234 1127 1419 1228 Oemsyny
1439 1169 1448 1188 ·
1464 1154 1489 1226 7
1505 1127 1550 1202 de
1569 1126 1729 1228 henaglie
1745 1127 1783 1202 in
1800 1125 1971 1203 eomitetu
1988 1135 2054 1202 hro
2071 1128 2117 1202 de

606 1255 794 1332 Strethern
810 1259 979 1359 epphafl'e
994 1258 1178 1336 retificnffe
1194 1285 1217 1360 7
1239 1285 1265 1362 p
1287 1269 1392 1361 putee
1415 1261 1679 1362 confirmasset>
1703 1259 1807 1336 nobie
1822 1288 1846 1360 7
1862 1259 2028 1358 heredib3
2044 1259 2118 1333 liris

602 1389 698 1464 eidm
716 1389 788 1465 dno
806 1389 916 1466 dauid
933 1429 943 1452 ·
960 1419 984 1492 7
1000 1391 1168 1491 heredih3
1184 1391 1257 1466 suis
1275 1431 1285 1454 ·
1303 1391 1343 1466 vl
1359 1389 1405 1466 ed
1422 1403 1566 1493 tempus
1580 1392 1654 1468 vite
1670 1419 1734 1468 sue
1752 1435 1761 1452 ·
1779 1393 1826 1466 In
1842 1391 1958 1490 offiih3
1973 1391 2115 1492 punttie

597 1549 622 1614 7
648 1521 779 1598 ertidlie
803 1564 812 1590 ·
839 1523 932 1598 sieut
956 1537 1052 1600 carte
1078 1506 1141 1626 {lei
1170 1523 1235 1598 dni
1261 1521 1447 1606 aleleolmi
1476 1523 1560 1600 inde
1588 1525 1657 1601 sibi
1679 1525 1837 1602 eonfette
1865 1523 1979 1624 pleni?
2008 1525 2046 1600 in
2075 1551 2113 1599 ee

600 1657 736 1734 retinet
757 1684 780 1756 7
800 1670 975 1758 pportant
991 1657 1090 1732 seluo
1112 1655 1213 1731 nobie
1236 1657 1456 1733 semitono
1475 1699 1484 1720 ·
1504 1656 1967 1758 Incui91reitest⁰pntib3
1985 1655 2114 1757 sigilla

600 1797 682 1866 nim
697 1790 830 1891 epponi
852 1773 1012 1892 Beepiml
1027 1804 1064 1865 et
1080 1789 1128 1863 ed
1147 1788 1281 1864 maiore
1298 1789 1355 1868 nei
1378 1789 1563 1866 euidencie
1578 1788 1692 1892 sigilla
1713 1773 1833 1892 liddon
1851 1791 1952 1880 dnon
1970 1771 2082 1863 Walh
2102 1831 2111 1850 ·

598 1951 622 2022 7
638 1921 747 1997 dnuid
763 1920 918 2012 auhtlon
933 1950 956 2022 7
974 1935 1079 2012 tuton
1096 1929 1190 2012 finon
1205 1919 1391 2024 legitimon
1407 1937 1445 1998 vt
1461 1905 1570 2023 iidem
1585 1937 1640 2000 est
1656 1923 1740 2000 huie
1759 1923 1892 2024 scripto
1908 1932 1975 1998 hro
1990 1905 2116 1997 simiel

598 2071 757 2157 appense
778 2068 863 2130 sunt
881 2096 891 2115 ·
909 2053 1022 2156 Apud
1038 2054 1114 2130 Pth
1132 2097 1140 2119 ·
1160 2065 1260 2154 quito
1277 2055 1335 2130 die
1355 2055 1478 2130 marcii
1499 2054 1677 2132 annotini
1696 2055 1838 2131 millmo
1854 2065 1952 2133 cee¹¹¹⁰
1966 2069 2112 2157 octoge-

598 2214 689 2266 ermo
704 2212 801 2264 nono
820 2227 828 2251 ·

717 2389 760 2449 Of
774 2389 824 2449 the
843 2389 927 2448 three
947 2387 1029 2461 sealt,
1049 2387 1100 2447 the
1116 2387 1225 2447 middle
1243 2407 1308 2458 one,
1325 2389 1391 2448 that
1407 2389 1442 2448 of
1457 2390 1507 2450 the
1529 2389 1672 2450 Counteee
1689 2391 1804 2459 herself,
1823 2391 1849 2450 ie
1867 2410 1952 2468 gone,
1973 2398 2076 2469 except
2094 2411 2112 2452 n

677 2501 759 2560 small
770 2507 837 2579 pert
849 2501 993 2578 adhering
1005 2507 1038 2560 to
1051 2499 1102 2560 the
1114 2501 1189 2559 bnelr
1204 2499 1238 2560 oi
1250 2501 1302 2560 the
1315 2507 1374 2578 teg,
1388 2503 1559 2580 containing
1570 2503 1622 2564 the
1640 2502 1717 2563 little
1734 2505 1937 2573 eonntereenl,
1951 2503 2046 2563 which
2059 2505 2111 2563 hee

677 2613 800 2673 nehield
818 2611 853 2672 of
866 2619 1041 2672 arms-two
1054 2613 1221 2675 eheverone.
1255 2613 1318 2672 The
1332 2615 1405 2672 neele
1421 2615 1456 2674 of
1470 2616 1524 2675 her
1537 2622 1633 2676 tutore
1645 2635 1695 2676 nre
1711 2616 1745 2674 in
1761 2617 1850 2676 ehne
1863 2623 1940 2676 stete
1952 2616 1987 2676 of
2001 2635 2111 2694 preser-

677 2727 785 2799 vatien,
798 2727 910 2804 though
924 2731 977 2786 not
990 2726 1071 2802 quite
1084 2725 1185 2792 entire,
1228 2725 1311 2804 They
1324 2745 1373 2786 ere
1385 2727 1459 2788 both
1471 2729 1614 2789 beroem
1626 2730 1709 2803 reeh,
1722 2731 1814 2790 about
1825 2729 1877 2790 the
1890 2729 1948 2790 riee
1960 2729 1995 2789 of
2008 2749 2026 2789 n
2038 2729 2111 2799 helf-

676 2859 782 2902 πονῇ.

792 2952 822 3012 1.
836 2951 900 3010 'ibe
920 2950 1002 3030 roynl
1021 2969 1097 3010 arms
1118 2950 1152 3010 ol
1168 2949 1307 3011 Seotlrnd
1327 2952 1428 3012 within
1448 2954 1612 3014 ehordure
1630 2953 1784 3032 eheequde.
1826 2954 1876 3014 On
1894 2955 1946 3015 the
1964 2954 2073 3016 helmet
2092 2974 2111 3014 e

833 3071 953 3124 coronet
966 3063 1000 3123 ol
1009 3063 1091 3123 three
1104 3063 1210 3140 points.
1251 3063 1434 3141 Supporters,
1449 3070 1508 3125 two
1521 3066 1605 3126 lione.
1646 3067 1710 3126 The
1723 3074 1800 3127 erent
1812 3087 1898 3144 gone.

1143 3236 1151 3251 .
1166 3235 1174 3250 ·
1188 3207 1330 3252 mrem
1345 3236 1352 3252 .
1367 3236 1374 3252 .
1390 3236 1398 3251 .
1414 3236 1421 3253 .
1436 3210 1546 3254 rum.

793 3338 822 3395 2.
837 3335 932 3397 Afees
945 3333 1160 3416 eheequde-in
1171 3339 1222 3400 the
1232 3338 1336 3399 dexter
1349 3358 1452 3399 corner
1464 3340 1497 3399 in
1509 3339 1593 3412 ehiet',
1607 3346 1700 3401 nster.
1730 3342 1789 3403 For
1799 3351 1884 3417 erest,
1895 3345 2023 3405 newen’e
2032 3345 2108 3405 hend

831 3450 889 3509 end
912 3451 1014 3528 winge.
1054 3451 1114 3511 For
1136 3459 1311 3530 supportem,
1331 3458 1392 3513 two
1413 3454 1511 3512 henete
1531 3453 1603 3512 with
1627 3454 1711 3514 lione'
1735 3456 1837 3516 bodies
1857 3457 1917 3515 end
1936 3458 2107 3536 apparently

830 3562 1078 3623 women'eheeds.

1139 3690 1303 3736 ...rhun
1317 3692 1359 3735 nn
1372 3692 1540 3736 nomen.

590 4026 810 4130 Alexander
835 4052 880 4127 de
901 4052 1064 4134 moravia
1087 4051 1188 4129 miles
1217 4052 1412 4129 indittetue
1439 4080 1547 4155 super
1579 4052 1826 4129 interfedtione
1853 4050 2024 4127 Willelmi
2056 4054 2101 4130 de

593 4181 786 4285 Spaldyne,
806 4210 924 4259 eorem
942 4184 1154 4261 Jueticiariie
1176 4185 1215 4260 in
1231 4185 1368 4283 judicio
1389 4185 1596 4261 sedentibus
1621 4184 1719 4286 apud
1734 4184 1868 4278 Foulie,
1884 4198 2101 4286 protestetur

591 4315 767 4416 estquod
794 4342 839 4391 ex
865 4344 936 4415 quo
962 4316 1030 4393 fuit
1058 4333 1162 4394 antea
1189 4318 1403 4420 replegietue
1432 4318 1480 4393 ad
1507 4318 1623 4419 legem
1649 4318 1696 4393 de
1720 4317 1811 4394 Olen
1838 4318 2013 4395 maeduffe
2035 4347 2100 4422 per

591 4449 793 4525 Rohertum
815 4448 981 4525 comitem
1004 4450 1050 4525 de
1066 4450 1146 4553 Fys,
1172 4478 1245 4527 non
1266 4453 1455 4527 tenebatur
1473 4477 1593 4527 eornm
1616 4477 1831 4554 quoeunque
1854 4451 1925 4529 alio
1944 4454 1991 4529 de
2007 4454 2100 4531 dita

588 4580 838 4657 interledtione
854 4584 1069 4682 respondere
1086 4624 1096 4644 ·
1122 4585 1226 4684 Orr'g.
1245 4586 1288 4659 in
1302 4586 1460 4661 archivis
1476 4587 1520 4660 de
1536 4585 1793 4685 Ahereaimey.

514 4818 561 4889 34
591 4788 643 4889 in
661 4812 743 4888 noie
760 4811 823 4887 dni
839 4838 944 4888 amen
963 4855 971 4873 ·
990 4839 1015 4915 p
1031 4824 1100 4915 pne
1117 4823 1212 4915 pdefl
1228 4815 1351 4891 instim
1369 4817 1493 4905 cuntis
1508 4828 1630 4918 petent
1645 4800 1795 4893 euident
1815 4846 1841 4919 q
1859 4833 1928 4894 dno
1941 4818 2095 4895 eiusdem

586 4946 649 5023 dni
667 4956 740 5030 Ψ
756 4956 855 5020 ccc¹¹¹⁰
873 4950 1098 5049 nonagelimo
1113 4950 1209 5050 p²m0
1226 4946 1419 5025 Indiet‘tne
1436 4948 1672 5051 qhtedeeima
1687 4950 1888 5052 pontideeff
1903 4950 2096 5035 {dillimiin

1762 5110 1794 5184 δ’
