5734 6700
1113 773 1192 850 DE
1224 771 1628 852 INOHAFFERY.
2070 777 2118 855 61

608 1008 761 1110 Buthny
777 1020 815 1084 et
836 973 882 1082 lie
906 1033 972 1108 per
995 1005 1092 1082 illam
1110 1007 1206 1084 viam
1221 1007 1339 1084 versus
1357 1004 1559 1107 aquilonem
1577 1006 1685 1106 usqae
1706 1005 1753 1081 ad
1770 1020 1903 1082 terram
1924 1003 1972 1080 de
1988 1004 2118 1106 Duny·

604 1141 675 1218 dul
694 1167 803 1242 quam
830 1139 969 1214 Brieius
993 1139 1038 1215 de
1066 1139 1282 1216 Ardroffane
1309 1138 1493 1238 quondam
1516 1139 1564 1213 de
1587 1163 1646 1213 me
1675 1151 1712 1212 et
1735 1136 1926 1213 heredibus
1955 1136 2045 1212 meis
2069 1138 2116 1212 ad

604 1271 850 1350 feodolirmam
872 1271 991 1348 tenuit
1006 1297 1077 1346 vna
1098 1297 1183 1347 eum
1206 1269 1266 1346 illa
1286 1269 1462 1372 pertioula
1483 1285 1578 1348 terre
1594 1270 1715 1370 queso
1737 1270 1899 1346 extendit
1915 1272 1961 1345 ab
1978 1271 2115 1347 oriente

605 1403 724 1478 versus
749 1402 971 1478 occidentem
995 1402 1100 1502 vsque
1125 1403 1172 1476 ad
1200 1400 1357 1476 riuulum
1387 1401 1490 1476 illum
1513 1401 1576 1500 qui
1604 1400 1716 1476 currit
1744 1401 1839 1476 inter
1867 1400 2047 1502 Petlandy
2078 1414 2116 1477 el

608 1534 807 1611 Pethmane
823 1561 893 1634 que
910 1533 1056 1634 quidem
1077 1533 1253 1635 porticula
1270 1553 1363 1610 terre
1379 1535 1550 1610 continue
1566 1534 1726 1610 eontinet
1742 1532 1781 1608 in
1798 1534 1831 1608 se
1848 1549 2002 1634 quatuor
2017 1560 2117 1609 aeras

605 1683 699 1746 terre
715 1683 751 1744 et
769 1667 1030 1768 aliquantulum
1046 1667 1128 1769 plus
1144 1683 1181 1744 et
1198 1694 1281 1743 eum
1292 1668 1430 1743 braiiua
1447 1668 1557 1743 totius
1573 1682 1667 1743 terre
1679 1666 1724 1742 de
1742 1665 1921 1769 Pellandy
1939 1709 1949 1729 ο
1969 1669 2112 1744 Tenen-

606 1801 671 1876 das
687 1813 724 1877 et
746 1801 928 1876 habendes
945 1801 1006 1877 libi
1030 1815 1066 1878 et
1088 1802 1337 1878 sueoefl‘oribus
1358 1802 1428 1876 suis
1451 1801 1497 1877 de
1517 1827 1575 1876 me
1596 1816 1634 1876 et
1655 1799 1845 1876 heredibus
1864 1799 1955 1876 meis
1971 1801 2010 1874 in
2031 1829 2116 1903 per·

606 1948 758 2035 petuum
780 1960 863 2009 eum
884 1934 1067 2009 communi
1088 1935 1231 2032 pastura
1245 1936 1323 2009 oete
1339 1959 1528 2008 vaccarum
1550 1947 1586 2008 et
1606 1933 1760 2008 duorum
1779 1958 1953 2031 equorum
1976 1947 2116 2009 etcum

606 2067 772 2143 omnibus
784 2063 1006 2166 nyliamentis
1024 2065 1117 2140 infra
1129 2065 1249 2140 villam
1264 2065 1309 2140 de
1320 2065 1498 2166 Petlandy
1514 2080 1551 2141 et
1568 2080 1670 2140 extra
1684 2063 1723 2139 in
1741 2065 1843 2144 bosco
1861 2079 1898 2140 et
1913 2065 2020 2167 plano
2037 2067 2117 2168 pas-

606 2198 682 2274 ouis
699 2197 807 2274 moris
824 2212 861 2290 et
873 2199 1046 2298 marrelijs
1058 2197 1211 2298 bruerijs
1229 2198 1375 2299 petarijs
1391 2199 1524 2298 ssagnis
1540 2197 1642 2296 aquis
1658 2211 1696 2272 et
1708 2195 1921 2272 molendinis
1937 2212 1974 2273 et
1991 2199 2117 2274 esteris

606 2331 819 2406 ailiamentis
836 2329 1002 2406 omuibus
1018 2331 1065 2404 ad
1081 2345 1212 2406 terram
1226 2330 1271 2404 de
1289 2329 1468 2430 Petlandy
1480 2329 1716 2431 spedlantibus
1727 2329 1784 2405 vel
1799 2331 1953 2430 spedlare
1964 2330 2115 2407 valenti-

607 2464 674 2538 bus
690 2460 800 2538 libere
816 2461 936 2561 quiete
953 2459 1112 2563 plenarie
1132 2475 1168 2536 et
1187 2460 1381 2536 honorifice
1398 2462 1449 2536 ita
1465 2461 1563 2560 quod
1587 2485 1710 2535 omnes
1726 2461 1925 2560 supradidle
1943 2462 2117 2562 perticule

606 2609 700 2670 terre
722 2607 797 2668 tam
820 2593 867 2668 de
884 2592 979 2668 dono
1001 2592 1112 2694 patris
1135 2593 1207 2668 mei
1223 2618 1331 2691 quam
1354 2593 1610 2668 dedonomeo
1632 2593 1805 2692 quamde
1825 2593 1920 2669 dono
1941 2592 2050 2693 Brieij
2069 2595 2116 2670 de

605 2724 821 2801 Ardroffane
838 2723 965 2800 eisdem
989 2723 1156 2825 religiosis
1177 2725 1341 2799 consensu
1360 2749 1441 2799 meo
1458 2737 1496 2799 et
1511 2723 1645 2800 affensu
1661 2724 1752 2799 sablo
1768 2724 1814 2800 de
1833 2739 1930 2800 terra
1945 2725 1991 2800 de
2010 2725 2116 2802 Dun-

604 2857 698 2958 yduf
710 2856 812 2930 fimul
834 2856 906 2932 line
922 2855 1042 2955 aliquo
1063 2867 1308 2931 retenemento
1321 2857 1467 2955 jaceant
1483 2855 1693 2935 continuate
1710 2855 1747 2929 in
1764 2870 1981 2956 perpetuum
2002 2895 2012 2922 ·
2034 2857 2115 2958 Ego

602 3015 687 3066 vero
711 2989 832 3066 Lucas
859 3003 896 3066 et
918 2987 1067 3064 heredes
1090 2989 1162 3064 mei
1185 2987 1280 3063 hane
1306 2987 1457 3064 eandem
1482 2987 1705 3062 elemofinam
1731 2988 1834 3063 dietis
1857 2987 2025 3091 religiolis
2050 3017 2116 3092 per

603 3149 663 3200 me
687 3123 850 3200 collatam
873 3123 920 3200 de
939 3123 1098 3225 prediola
1117 3135 1212 3198 terra
1231 3123 1373 3219 pastura
1393 3136 1429 3197 et
1449 3123 1591 3196 brafina
1610 3147 1693 3198 eum
1714 3122 1880 3197 omnibus
1905 3123 2115 3201 aifiamentis

603 3272 646 3332 vt
678 3256 877 3358 predidlum
910 3257 961 3332 est
995 3269 1119 3332 eontra
1151 3281 1275 3332 omnes
1303 3255 1467 3330 homines
1494 3269 1532 3330 et
1559 3254 1709 3331 feminas
1735 3256 2049 3332 warantizabimus
2078 3272 2115 3335 et

602 3392 834 3468 defendemus
857 3392 896 3465 iu
919 3404 1132 3491 perpetuum
1156 3404 1192 3466 et
1213 3389 1361 3465 liberam
1385 3404 1421 3466 et
1445 3390 1601 3489 quietam
1618 3392 1664 3465 ab
1681 3392 1779 3466 omni
1802 3419 1910 3469 onere
1932 3394 2114 3473 exadbione

601 3538 638 3601 et
662 3525 807 3601 seruioio
832 3522 978 3601 seculari
1001 3524 1147 3599 omnino
1172 3524 1344 3599 faciemus
1370 3562 1380 3585 ·
1406 3524 1487 3625 Ego
1516 3524 1623 3600 etiam
1649 3525 1877 3601 donationem
1905 3529 2016 3628 patris
2043 3530 2114 3604 mei

602 3659 767 3761 predidlis
792 3657 958 3759 religiolis
983 3658 1029 3733 de
1054 3684 1125 3733 vno
1150 3657 1240 3733 tofto
1270 3671 1306 3732 et
1332 3657 1471 3731 duabus
1496 3658 1586 3731 aeris
1611 3672 1705 3733 terre
1730 3672 1767 3733 et
1792 3661 1945 3758 quadam
1971 3662 2114 3763 pastura

601 3792 796 3868 seeundum
822 3792 919 3891 quod
948 3790 1088 3891 plenius
1117 3806 1154 3867 et
1183 3788 1309 3866 melius
1336 3792 1542 3866 continetur
1567 3790 1604 3863 in
1631 3805 1731 3865 carta
1757 3818 1864 3891 qnam
1894 3793 1979 3870 didli
2002 3798 2112 3871 abbas

602 3939 640 4000 et
664 3940 863 3999 conuentus
890 3925 1025 3999 adidlo
1050 3962 1061 3985 ο
1089 3922 1156 3997 Β·
1186 3938 1288 4025 patre
1313 3950 1393 3999 meo
1417 3923 1548 3999 exinde
1567 3922 1701 3999 habent
1725 3926 1919 4000 eonfeotam
1938 3954 2010 4003 vna
2028 3956 2111 4005 eum

601 4074 696 4133 terre
721 4057 766 4131 de
791 4055 977 4157 Dunydul'
999 4082 1108 4156 quam
1133 4056 1267 4131 habent
1293 4056 1338 4130 de
1360 4056 1457 4130 dono
1480 4054 1590 4155 Brieij
1609 4055 1655 4129 de
1678 4054 1892 4133 Ardroffane
1915 4060 2047 4135 alsense
2073 4076 2111 4138 et

603 4190 768 4267 consensu
792 4215 873 4265 meo
888 4189 979 4264 fallo
997 4189 1125 4264 eisdem
1150 4215 1217 4289 pro
1240 4214 1299 4263 me
1323 4204 1359 4263 et
1380 4188 1572 4265 heredibus
1593 4190 1682 4265 meis
1698 4190 1951 4291 inperpetuum
1972 4195 2109 4272 ratihoo

601 4335 638 4397 et
655 4322 826 4395 oonlirmo
845 4360 855 4381 ·
879 4319 925 4393 In
942 4320 1044 4420 eujus
1061 4320 1112 4395 rei
1129 4320 1367 4395 testimonium
1382 4319 1470 4395 huie
1484 4320 1612 4421 scripto
1628 4320 1778 4421 figillum
1801 4348 1921 4397 meum
1937 4327 2081 4425 apposui
2100 4372 2109 4389 ·

600 4452 686 4554 Hijs
712 4452 858 4529 testibus
878 4450 1023 4525 domino
1049 4450 1210 4525 Roberto
1233 4450 1291 4526 dei
1315 4451 1429 4551 gratia
1453 4452 1616 4553 episcopo
1642 4452 1887 4529 Dunblanenli
1913 4498 1922 4517 ·
1947 4458 2111 4558 magistro

601 4582 744 4659 Thomu
763 4582 920 4682 ejusdem
937 4580 1077 4659 ooolelie
1098 4583 1233 4657 deeano
1255 4626 1264 4642 ·
1285 4583 1447 4683 magistro
1471 4582 1629 4660 Ricardo
1651 4584 1697 4659 de
1723 4582 1931 4687 Streuyllyn
1952 4591 2109 4691 ejusdem

600 4716 740 4793 eoelelie
757 4716 927 4792 eanouieo
946 4760 955 4777 ·
973 4717 1118 4792 domino
1136 4756 1146 4779 ·
1166 4716 1205 4791 N
1224 4758 1232 4779 ·
1251 4718 1384 4792 restore
1406 4715 1547 4793 eoolefie
1563 4717 1609 4792 de
1627 4716 1734 4793 Orefe
1753 4761 1762 4777 ·
1779 4718 1959 4794 dominis·
1988 4722 2025 4800 G
2044 4766 2053 4786 ·
2071 4740 2109 4801 et
2129 4777 2133 4781 -

601 4895 610 4913 ·
628 4850 665 4927 Y
684 4893 692 4910 ·
710 4851 756 4927 de
780 4849 916 4952 Oomry
940 4864 978 4927 et
999 4850 1045 4927 de
1067 4850 1240 4953 Buliyder
1256 4850 1412 4949 personis
1431 4894 1441 4911 ·
1458 4849 1623 4950 magistro
1639 4850 1784 4953 Rogero
1800 4853 1847 4929 de
1866 4852 2109 4962 Strathburgh
