5734 6700
717 891 780 953 120
1181 891 1378 956 CARTAE
1408 891 1766 959 RECENTIORES

716 1094 877 1177 imponere
894 1113 951 1156 seu
966 1092 1070 1157 locare
1092 1114 1195 1157 arcam
1216 1094 1268 1158 uel
1288 1115 1376 1158 arcas
1392 1105 1460 1158 rete
1481 1104 1537 1157 aut
1556 1092 1638 1157 retia
1653 1115 1711 1158 seu
1725 1093 1788 1158 alia
1810 1094 2000 1182 quecunque
2024 1094 2235 1160 instrumenta

716 1212 755 1275 ad
771 1211 874 1296 pisces
890 1211 1060 1296 capiendos
1075 1211 1107 1274 in
1123 1212 1266 1297 predicto
1280 1212 1351 1277 loco
1366 1212 1406 1276 de
1430 1211 1598 1297 Polpefery
1614 1212 1700 1299 quod
1715 1234 1772 1298 pro
1791 1224 1868 1279 tunc
1890 1213 2013 1280 licitum
2029 1216 2071 1280 sit
2084 1215 2236 1302 predictis

715 1332 822 1396 abbati
837 1342 870 1395 et
885 1330 1081 1396 conuentui.
1099 1377 1106 1395 .
1122 1379 1130 1394 .
1146 1332 1273 1396 easdem
1289 1353 1377 1396 arcas
1392 1330 1473 1396 retia
1488 1352 1544 1396 seu
1559 1331 1771 1396 instrumenta
1784 1353 1897 1418 capere
1912 1381 1920 1397 .
1938 1384 1945 1398 .
1962 1381 1970 1397 .
1987 1334 2075 1399 etad
2090 1335 2235 1421 proprios

716 1475 790 1516 vsus
805 1450 1009 1537 appropriare
1034 1501 1041 1514 .
1065 1501 1072 1514 .
1097 1500 1104 1513 .
1129 1450 1196 1514 sine
1218 1498 1227 1512 .
1250 1498 1257 1512 .
1283 1500 1289 1514 .
1314 1449 1507 1535 repeticione
1523 1470 1645 1535 perine
1660 1449 1712 1514 vel
1734 1449 1867 1516 heredes
1888 1474 1984 1517 meos.
2030 1454 2068 1517 In
2083 1453 2174 1518 cuius
2188 1453 2234 1517 rei

716 1570 930 1635 testimonium
953 1569 1093 1654 sigillum
1113 1569 1176 1634 mei
1195 1569 1329 1634 Roberti
1349 1570 1471 1633 Mersar
1486 1589 1545 1633 nec
1560 1589 1621 1631 non
1639 1579 1673 1632 et
1693 1568 1832 1654 sigillum
1849 1570 1977 1636 Andree
1996 1572 2118 1636 Mersar
2133 1594 2234 1637 auun-

716 1692 780 1756 culi
795 1691 856 1756 mei
878 1691 1016 1777 presenti
1032 1702 1117 1755 carte
1134 1711 1203 1754 mee
1219 1699 1293 1753 sunt
1316 1710 1458 1775 appensa
1477 1710 1581 1753 coram
1604 1687 1666 1753 hiis
1686 1689 1832 1755 testibus.
1877 1691 2051 1756 Tristramo
2072 1693 2112 1757 de
2133 1692 2234 1777 Gorty

715 1810 861 1874 Johanne
878 1809 1046 1894 Quhytson
1061 1808 1243 1872 Alexandro
1256 1807 1400 1893 Cardeny
1416 1807 1577 1872 Willelmo
1600 1808 1708 1872 Bonar
1729 1808 1769 1874 de
1793 1808 1891 1895 Kelty
1905 1809 2088 1876 Alexandro
2112 1812 2233 1898 Scharp

715 1931 755 1994 de
772 1930 901 2014 Strathy
916 1940 948 1994 et
964 1928 1109 1993 Johanne
1126 1928 1209 1992 Crab
1225 1927 1375 1991 scutifero
1391 1948 1465 1991 curn
1479 1927 1589 1991 multis
1604 1926 1674 1992 aliis
1691 1929 1733 1991 24
1747 1928 1834 2014 Junij
1852 1930 1931 1993 A.D.
1949 1932 2044 1996 1454.

676 2287 811 2352 2Carta
841 2284 1066 2350 feudifirmaria
1101 2284 1141 2348 ab
1178 2283 1361 2347 Alexandro
1391 2281 1579 2347 Atheniensi
1618 2283 1858 2370 archiepiscopo
1896 2286 2229 2374 commendatarioque

714 2415 869 2492 perpetuo
890 2404 1070 2489 monasterij
1094 2402 1202 2467 Insule
1224 2400 1395 2466 Missarum
1418 2423 1475 2485 pro
1498 2411 1586 2465 certa
1607 2401 1813 2487 pecuniarum
1836 2425 1961 2467 summa
1981 2404 2067 2469 facta
2089 2405 2231 2477 lohanni

713 2526 811 2590 Eldar
825 2546 922 2611 super
936 2523 1028 2589 terris
1043 2521 1216 2606 vulgariter
1230 2518 1479 2584 Tullechandich
1494 2518 1613 2584 vocatis
1632 2520 1812 2605 jacentibus
1832 2521 1866 2585 in
1886 2522 2016 2587 baronia
2036 2523 2076 2588 de
2092 2523 2229 2609 Oairdny

715 2644 888 2710 Reddendo
914 2641 1078 2708 annuatim
1109 2640 1207 2704 veteri
1236 2638 1327 2703 firma
1356 2638 1388 2701 in
1420 2636 1587 2721 pecuniam
1618 2649 1813 2703 commutata
1837 2662 1992 2705 summam
2019 2641 2230 2728 quadraginta

711 2765 883 2829 solidorum
909 2762 1086 2828 invehendo
1113 2759 1207 2824 etiam
1235 2757 1399 2823 annuatim
1425 2757 1465 2821 ad
1491 2758 1716 2824 monasterium
1740 2759 1873 2844 triginta
1896 2760 1975 2825 duas
2001 2761 2043 2826 lie
2069 2762 2228 2828 metorelie

712 2895 857 2970 petarum
879 2896 911 2949 et
927 2905 984 2968 pro
1007 2881 1149 2968 qualibet
1171 2889 1309 2943 marcata
1324 2877 1480 2943 dictarum
1502 2889 1656 2944 terrarum
1670 2901 1766 2944 vnum
1790 2902 1870 2946 onus
1884 2881 1981 2966 vulgo
1998 2905 2059 2946 one
2075 2884 2149 2948 hors
2163 2884 2228 2948 ledo

710 3008 844 3073 cementi
867 3006 935 3072 siue
962 3005 1057 3071 calcis
1083 3014 1116 3068 et
1144 3024 1242 3066 vnum
1267 3000 1369 3065 simile
1395 3022 1475 3066 onus
1500 3002 1681 3086 tegularum
1706 3003 1746 3068 ad
1770 3004 1996 3070 monasterium
2018 3014 2052 3071 et
2077 3005 2227 3071 ecclesias

709 3129 850 3193 eiusdem
865 3129 973 3193 fenum
998 3138 1103 3190 autom
1128 3124 1160 3187 in
1183 3122 1311 3187 modum
1337 3121 1464 3186 solitum
1489 3133 1522 3187 et
1546 3135 1732 3188 consuetum
1754 3172 1762 3189 .
1785 3125 1925 3191 brasium
1946 3127 1986 3190 ad
2010 3127 2226 3192 molendinum

709 3250 865 3335 portando
881 3299 888 3312 .
904 3257 937 3313 et
956 3269 1014 3333 pro
1035 3244 1229 3332 quibuslibet
1248 3243 1373 3307 duobus
1390 3243 1537 3307 marcatis
1555 3243 1711 3309 dictarum
1734 3255 1888 3311 terrarum
1907 3268 2003 3311 vnum
2018 3268 2137 3334 equum
2152 3270 2225 3313 cum

709 3371 818 3435 trahea
832 3367 1005 3454 vulgariter
1022 3391 1082 3432 <me
1098 3367 1165 3432 sled
1182 3364 1220 3429 nd
1236 3373 1395 3429 vecturam
1419 3363 1611 3429 decimarum
1630 3365 1836 3431 ministrando
1855 3417 1862 3431 .
1882 3367 2000 3432 vectori
2020 3378 2055 3433 et
2076 3367 2225 3435 officiario

708 3513 843 3576 granum
867 3499 1032 3574 argentum
1056 3497 1090 3552 et
1115 3486 1265 3551 stramina
1287 3505 1373 3548 more
1400 3484 1493 3548 solito
1517 3483 1667 3551 solvendo
1691 3470 1814 3552 necnon
1838 3510 1895 3574 pro
1921 3487 2063 3576 qualibet
2085 3499 2225 3555 mereata

709 3634 801 3676 vnam
817 3611 962 3675 serlotam
984 3628 1153 3672 avenarum
1174 3616 1207 3669 et
1226 3625 1320 3667 vnum
1342 3603 1384 3667 lie
1405 3603 1506 3668 thraif
1521 3604 1717 3670 straminum.
1762 3608 1847 3672 Data
1864 3608 1924 3672 sub
1943 3608 2101 3672 communi
2120 3606 2224 3694 sigillo

709 3730 794 3815 apud
809 3726 1033 3793 monasterium
1053 3724 1160 3790 Insule
1176 3722 1347 3787 Missarum
1364 3724 1384 3786 8
1400 3720 1519 3807 Aprilis
1535 3725 1629 3790 1557.
1676 3724 1886 3791 Subscribunt

792 3964 973 4030 Alexander
989 3961 1281 4028 commendatarius
1423 3962 1581 4048 Georgius
1597 3965 1699 4050 Spens
1823 3965 2004 4031 Alexander
2018 3967 2136 4053 Wycht

791 4086 955 4151 lohannes
970 4082 1121 4147 hlaineris
1137 4081 1222 4167 prior
1425 4083 1447 4146 J
1450 4082 1590 4148 ohannes
1606 4084 1709 4149 Rauff
1815 4087 1957 4152 lacobus
1972 4087 2155 4153 Donaldeou

793 4206 930 4270 Thomas
946 4202 1108 4268 Gardener
1123 4201 1269 4287 supprior
1427 4200 1607 4267 Willelmns
1621 4204 1758 4269 Melrose

791 4324 911 4388 Paulus
928 4321 1114 4408 Cunygham
1424 4320 1607 4387 Alexander
1621 4325 1751 4411 Murray

665 4681 686 4740 3
707 4684 802 4746 Carta
827 4679 1051 4746 feudifirmaria
1069 4680 1109 4743 ab
1132 4678 1313 4744 Alexandro
1338 4677 1577 4764 archiepiscopo
1596 4679 1782 4745 Atheniensi
1807 4681 1847 4745 ad
1873 4682 2092 4770 episcopatum
2120 4686 2219 4751 Sodo-

706 4822 827 4866 rensem
862 4798 1023 4885 postulato
1056 4819 1093 4862 ac
1127 4797 1393 4863 commendatario
1426 4809 1582 4883 perpetuo
1615 4799 1876 4864 monasteriorum
1906 4802 1946 4866 de
1977 4804 2154 4891 lneheffray
2183 4818 2217 4872 et

705 4919 876 4984 Ycolmkill
896 4919 982 4983 facta
1003 4940 1061 5003 pro
1084 4939 1206 4981 summa
1227 4917 1314 4982 mille
1334 4917 1484 4982 librarum
1508 4917 1646 4984 Patricio
1661 4920 1798 5005 ¹Murray
1817 4921 1934 4987 vicario
1954 4924 2154 5004 pensionario
2175 4928 2216 4993 de
