5734 6700
1070 781 1149 856 nn
1181 775 1590 860 menlnaunr.
1661 731 1669 745 ⁹
2040 787 2086 870 71

575 1027 673 1090 rana
688 1039 770 1090 mea
786 1013 1004 1088 confirmasse
1020 1012 1105 1090 Deo
1128 1029 1165 1090 et
1182 1013 1323 1092 ecclesie
1337 1014 1446 1092 sandi
1466 1014 1643 1092 Jehannie
1659 1014 1806 1116 apostoli
1822 1030 1859 1092 et
1875 1016 2090 1118 euangeliste

573 1147 621 1223 de
638 1145 848 1248 Inehaffryn
865 1160 902 1222 et
919 1147 1097 1222 canonicis
1113 1147 1249 1222 ibidem
1265 1147 1350 1223 Deo
1366 1147 1600 1224 seruientibus
1616 1161 1653 1223 et
1661 1147 1840 1224 semituria
1857 1149 2088 1226 donationem

573 1277 671 1356 illam
696 1305 804 1378 quem
827 1305 946 1355 eomes
970 1278 1157 1356 Gilbertue
1181 1280 1226 1354 de
1253 1279 1469 1382 stratheryn
1489 1281 1540 1357 eie
1564 1281 1821 1357 rationabiliter
1844 1282 1928 1358 feeit
1948 1283 1994 1359 de
2013 1297 2090 1361 tota

571 1427 667 1488 sena
681 1412 728 1486 de
746 1411 935 1512 Ardewny
952 1437 1017 1512 per
1032 1413 1145 1488 resina
1163 1410 1291 1486 diuisae
1311 1411 1389 1485 suaa
1405 1425 1442 1486 et
1460 1437 1542 1485 cum
1560 1411 1724 1486 omnibus
1741 1411 1845 1510 justia
1860 1411 2087 1512 pertinentijs

571 1542 639 1616 suia
656 1557 694 1620 et
711 1542 757 1617 de
774 1555 852 1618 tota
867 1555 962 1618 terra
979 1542 1025 1618 de
1041 1541 1289 1643 Aehlongsieh
1305 1567 1371 1642 per
1389 1542 1501 1616 redas
1523 1541 1652 1616 diuisae
1673 1543 1752 1616 suaa
1769 1554 1807 1616 et
1822 1568 1905 1616 eum
1921 1541 2087 1617 omnibus

566 1673 670 1774 justis
686 1674 913 1775 pertinentija
929 1673 999 1748 suis
1016 1687 1053 1750 et
1070 1659 1116 1750 de
1132 1687 1210 1750 tota
1226 1687 1321 1750 terra
1337 1673 1383 1748 de
1400 1672 1587 1748 Duffindir
1602 1699 1668 1775 per
1682 1675 1794 1748 redae
1811 1672 1939 1748 diuisae
1954 1674 2032 1749 suaa
2049 1687 2087 1749 et

570 1835 653 1884 cum
670 1809 838 1886 omnibus
849 1810 952 1910 justia
969 1807 1196 1910 pertinentije
1212 1809 1284 1882 suis
1301 1821 1338 1882 et
1354 1808 1400 1882 de
1415 1805 1476 1882 illa
1491 1819 1587 1883 terra
1602 1806 1648 1883 de
1664 1805 1888 1908 oiaddirdyn
1904 1834 1974 1907 que
1989 1808 2081 1884 anti-

569 1939 690 2040 quitus
715 1939 865 2017 Abthen
898 1940 1093 2016 vocabatur
1116 1967 1182 2040 per
1209 1941 1321 2014 redae
1350 1937 1479 2014 diuisae
1506 1938 1585 2014 suaa
1613 1951 1651 2014 et
1680 1965 1763 2014 eum
1793 1939 1957 2014 omnibus
1981 1940 2085 2038 juslir

568 2073 796 2174 pertinentijs
813 2073 883 2148 suia
896 2115 904 2134 ·
917 2073 1129 2148 Tenendam
1145 2072 1184 2146 in
1196 2071 1342 2147 liberam
1360 2096 1488 2172 puram
1503 2083 1542 2146 et
1555 2084 1766 2171 perpetuam
1782 2071 2005 2147 elemosinam
2020 2098 2086 2173 per

567 2207 679 2282 redae
708 2205 835 2280 diuisas
864 2205 1103 2306 predidarum
1132 2218 1308 2280 terrarum
1333 2217 1371 2278 et
1399 2230 1483 2280 eum
1511 2203 1677 2278 omnibus
1702 2204 1749 2279 ad
1773 2205 1946 2304 predidiaa
1970 2220 2083 2280 terrae

563 2336 657 2434 juste
683 2335 942 2436 pertinentibus
964 2336 1017 2410 ita
1041 2333 1152 2412 libere
1180 2349 1218 2410 et
1247 2334 1367 2434 quiete
1396 2332 1554 2434 plenarie
1581 2348 1619 2410 et
1645 2334 1839 2410 honorifice
1865 2337 1953 2410 sieut
1985 2350 2083 2411 earta

567 2467 714 2566 predidli
736 2466 875 2542 comitia
894 2464 1048 2542 Gilberti
1064 2467 1159 2564 juste
1179 2467 1328 2542 testatur
1349 2507 1359 2526 ·
1381 2465 1432 2540 ita
1449 2478 1571 2540 tamen
1587 2465 1686 2564 quod
1706 2466 1886 2566 prodidiua
1906 2491 2025 2542 eomes
2045 2482 2082 2543 et

566 2597 717 2674 heredes
733 2598 785 2672 sui
801 2597 933 2674 sacient
949 2596 1038 2672 mihi
1055 2611 1092 2674 et
1107 2596 1297 2674 heredibus
1319 2597 1409 2672 meis
1432 2595 1479 2671 de
1500 2596 1638 2672 residue
1654 2596 1701 2672 de
1723 2595 1947 2698 oeaddirnyn
1964 2609 2082 2674 totum

567 2731 752 2808 seruieium
762 2730 859 2831 quod
870 2728 959 2804 mihi
970 2730 1121 2806 debetur
1131 2729 1176 2806 de
1188 2743 1266 2806 soto
1278 2729 1382 2805 feodo
1399 2729 1445 2804 de
1458 2729 1707 2830 oeaddimyn·
1726 2729 2081 2806 TestibuaWillelmo

567 2865 727 2966 episeopo
751 2861 958 2962 Glasguensi
981 2861 1189 2938 cancellario
1208 2889 1291 2938 meo
1311 2903 1321 2922 ·
1348 2861 1517 2963 Philippo
1537 2863 1583 2937 de
1599 2862 1738 2938 Valana
1760 2863 1955 2939 camerario
1971 2889 2080 2939 meo·

566 2997 746 3072 Willelmo
770 2994 954 3096 Oummyn
977 3036 987 3058 ·
1010 2995 1190 3072 Willelmo
1215 2994 1348 3072 Giffart
1372 3037 1382 3057 ·
1411 2993 1555 3071 Thema
1573 2996 1619 3071 de
1640 2994 1806 3072 Golluille
1826 3036 1837 3056 ·
1857 2995 2081 3073 Allexandro

571 3129 777 3206 vieeeemile
806 3129 851 3204 de
882 3127 1091 3232 streuyllyn
1116 3173 1125 3190 ·
1153 3128 1312 3205 Ricardo
1333 3130 1378 3206 de
1402 3128 1556 3206 Camere
1581 3186 1591 3206 .
1618 3128 1798 3206 Herberto
1822 3130 1870 3206 de
1895 3130 2049 3208 Camere
2069 3171 2079 3191 ·

570 3263 695 3340 Dauid
710 3263 757 3339 de
775 3262 894 3340 Haia·
912 3261 1080 3366 Philippo
1097 3262 1143 3340 de
1159 3263 1343 3366 Lundyn·
1362 3263 1504 3340 Thema
1520 3263 1699 3340 Hostiarie
1716 3307 1726 3325 ·
1744 3265 1857 3365 Apud
1870 3263 2079 3369 Streuyllp'm

566 3397 692 3499 quinto
708 3398 767 3474 die
783 3396 921 3499 Aprilis
938 3437 948 3459 ·

566 3766 812 3871 Confirmatio
828 3794 981 3897 episcopi
1005 3793 1271 3871 Dunlreldenfin
1289 3792 1444 3873 Galsiidi
1459 3796 1563 3895 super
1584 3794 1727 3873 eeclesia
1746 3795 1792 3872 de
1816 3797 2014 3900 wadinpn
2027 3815 2076 3877 ‘et

562 3928 718 4004 tartede
734 3927 884 4003 Abthan
901 3928 948 4005 de
964 3927 1187 4030 waddimyn
1205 3967 1215 3988 ·

498 4190 544 4269 74
563 4163 759 4269 Vniuersia
781 4192 895 4267 sandie
911 4190 1034 4277 anuis
1056 4192 1197 4271 ecelesia
1220 4192 1302 4294 silija
1323 4193 1468 4294 presens
1486 4191 1656 4292 scriptum
1680 4192 1801 4269 visuris
1821 4192 1878 4271 vel
1896 4195 2070 4271 audituris

563 4320 748 4399 Galfi'idus
772 4324 897 4398 diuina
919 4324 1141 4425 permissione
1165 4325 1433 4401 Dunkeldensia
1457 4325 1641 4439 episcopua
1665 4337 1826 4400 eternam
1854 4327 1895 4401 in
1923 4328 2071 4403 domino

561 4454 710 4531 salutem
729 4497 738 4516 ·
758 4455 944 4532 Neueritis
967 4484 1033 4533 nea
1050 4458 1260 4559 adplenum
1277 4458 1460 4559 inspexisse
1475 4457 1569 4534 bone
1584 4458 1756 4534 memorie
1773 4457 1948 4536 Johannis
1962 4460 2068 4558 primi

562 4588 710 4665 Rieardi
737 4588 912 4663 Johannia
938 4590 1084 4666 secundi
1111 4590 1280 4691 Hugonia
1309 4604 1346 4667 et
1376 4589 1533 4667 Gilberti
1560 4590 1840 4691 predeeefforum
1870 4595 2067 4669 nostrorum

561 4720 805 4823 episcoporum
829 4718 959 4797 scilieet
988 4720 1301 4797 Dunkeldensium
1325 4722 1537 4797 donationes
1561 4724 1792 4798 eoncessiones
1817 4738 1855 4799 et
1883 4726 2067 4801 confirma·

561 4852 676 4929 tiones
691 4851 899 4937 monasterio
921 4851 967 4929 de
991 4852 1199 4955 Inehaffryn
1215 4853 1313 4954 quod
1335 4852 1456 4929 Insula
1477 4854 1662 4937 mistarum
1680 4853 1813 4930 dicitur
1834 4868 1871 4932 et
1890 4856 2067 4931 canonicis
