5734 6700
1059 715 1138 791 DE
1170 713 1575 794 INOHAFFERY.
2031 729 2080 799 65

569 1055 815 1158 Confirmatio
844 1081 985 1158 comtos
1015 1081 1167 1158 nouere
1197 1095 1379 1158 numm
1406 1080 1513 1184 pens
1544 1081 1913 1183 mancosorum
1937 1083 2075 1189 oauerj

564 1215 802 1316 quodraginta
819 1215 973 1292 duarum
988 1241 1190 1292 mereatum
1207 1214 1253 1290 de
1271 1213 1434 1316 Dunyne
1453 1256 1462 1274 ·

491 1487 544 1554 54
565 1449 759 1556 Omnibus
775 1481 908 1558 enini
924 1479 1087 1558 suenum
1103 1480 1196 1558 hane
1212 1496 1349 1558 urtam
1364 1481 1487 1556 nuris
1503 1481 1560 1557 ver
1575 1481 1751 1558 audituris
1769 1482 1952 1560 noberunt
1968 1486 2073 1561 senes.

560 1611 669 1690 callus
688 1613 808 1692 Scotie
825 1641 943 1692 eomes
959 1615 1005 1692 de
1023 1613 1241 1716 Stratheryn
1256 1613 1404 1692 salutem
1421 1614 1459 1690 in
1476 1616 1621 1693 domino
1637 1615 1887 1716 sempiternom
1908 1660 1917 1678 ·
1946 1617 2074 1696 Sciatis

559 1773 625 1822 nos
648 1747 685 1822 in
708 1749 807 1823 ouria
829 1749 946 1826 nostre
967 1763 1068 1825 tento
1089 1748 1186 1850 apud
1211 1747 1318 1824 Orese
1343 1749 1466 1824 odierno
1490 1748 1548 1825 die
1570 1752 1698 1826 mensis
1714 1750 1805 1852 maij
1823 1777 1919 1826 anno
1936 1752 2073 1829 domini

558 1879 738 1956 millesimo
764 1889 863 1960 ‹rno'¹1⁰
886 1883 1172 1984 quinquagesimo
1205 1882 1329 1957 odtnuo
1371 1881 1554 1983 inspexiffe
1587 1897 1624 1958 et
1656 1884 1831 1959 ueraciter
1867 1885 2072 1962 intellexisse

558 2039 605 2088 ex
637 2013 789 2114 prouida
821 2013 1073 2091 deliberatione
1105 2015 1191 2090 boni
1228 2011 1358 2113 eonfilij
1401 2013 1511 2088 nostri
1552 2027 1667 2088 cartes
1705 2014 1948 2116 religiosorum
1980 2021 2071 2094 viro-

557 2171 639 2220 rum
656 2145 882 2221 dominorum
898 2145 1036 2222 obbatis
1052 2161 1089 2222 et
1106 2159 1306 2221 conuentus
1323 2144 1368 2220 de
1386 2144 1505 2220 Insula
1520 2145 1708 2228 alifl‘anrm
1725 2146 1771 2220 de
1786 2171 1908 2222 annuo
1921 2149 2070 2224 redditu

556 2275 617 2350 suo
650 2275 887 2378 quadraginta
920 2278 1072 2352 duarum
1104 2302 1304 2352 marearum
1338 2276 1384 2351 de
1417 2276 1588 2379 tbnmgio
1620 2278 1666 2354 de
1709 2277 1872 2380 Dunyne
1913 2280 1998 2356 dato
2032 2296 2070 2370 et

556 2410 714 2485 ronceffo
731 2409 861 2486 eisdem
877 2409 1049 2510 religiosis
1065 2435 1131 2511 per
1147 2407 1283 2484 nobiles
1299 2408 1393 2483 viros
1410 2408 1503 2485 bone
1521 2412 1692 2488 memorie
1709 2411 1897 2496 &inbrium
1914 2413 2069 2514 primum

554 2555 592 2616 et
607 2541 786 2625 melitium
802 2543 995 2620 seeundum
1007 2541 1187 2642 quondam
1204 2541 1350 2618 comites
1367 2540 1413 2614 de
1428 2539 1646 2642 Stratberyn
1658 2543 1916 2645 predecessores
1932 2547 2068 2621 nostros

554 2699 642 2774 quas
665 2673 810 2774 quidem
835 2687 950 2750 cartes
975 2671 1013 2748 in
1038 2673 1203 2750 omnibus
1224 2670 1364 2773 pundtis
1387 2671 1652 2748 conditionibus
1674 2674 1831 2750 articulis
1854 2689 1892 2751 et
1916 2675 2068 2752 circum-

552 2806 690 2908 stantijs
705 2805 773 2882 suis
790 2805 904 2882 formo
918 2805 1050 2906 pariter
1063 2820 1100 2886 et
1116 2806 1242 2884 effosus
1258 2804 1477 2880 ratificamus
1488 2806 1728 2906 approbamus
1741 2820 1777 2883 et
1789 2821 1913 2884 tenore
1925 2810 2067 2910 presen-

551 2941 598 3014 tis
614 2955 710 3016 certe
731 2941 848 3016 nostre
870 2965 937 3042 pro
960 2940 1062 3015 nobie
1079 2953 1116 3016 et
1132 2938 1326 3016 heredibus
1349 2937 1475 3012 nostris
1496 2938 1754 3041 inperpetuum
1778 2943 2031 3018 confirmemus
2055 2986 2064 3003 ·

552 3071 598 3146 ln
623 3073 725 3170 eujus
749 3072 802 3148 rei
828 3071 1066 3148 testimonium
1090 3071 1243 3172 presenti
1268 3089 1365 3152 carte
1390 3076 1510 3151 nostre
1538 3075 1690 3178 sigillum
1723 3080 1882 3155 nostrum
1914 3079 2065 3157 lecimus

550 3205 684 3304 epponi
699 3203 814 3306 Apud
831 3204 942 3280 Perth
959 3204 998 3278 in
1013 3204 1099 3280 sesto
1115 3205 1220 3282 sanet
1237 3205 1263 3282 J
1263 3207 1414 3286 ohannis
1430 3209 1592 3312 Baptiste
1607 3238 1701 3287 anno
1721 3214 1916 3316 supradidto
1944 3259 1953 3276 ·
1980 3216 2064 3317 Hijs

550 3336 694 3412 testibus
714 3380 722 3397 ·
740 3336 893 3414 dominis
910 3337 935 3415 J
936 3337 1076 3415 ohanne
1093 3337 1275 3416 senescallo
1291 3341 1401 3419 fratre
1418 3345 1537 3421 nostro
1560 3388 1570 3405 ·
1588 3345 1748 3447 Hugone
1765 3349 1811 3423 de
1827 3350 2033 3451 Eglyntone
2052 3392 2060 3409 ·

549 3470 691 3545 Thomu
715 3470 760 3545 de
785 3469 945 3571 Faulyde
965 3470 1136 3547 militibus
1164 3514 1172 3531 ·
1200 3472 1379 3552 Willelmo
1399 3475 1554 3578 Sympill
1581 3520 1590 3539 ·
1616 3479 1796 3558 Willelmo
1814 3482 1860 3559 de
1877 3482 2061 3566 &leidrum

549 3620 585 3679 et
602 3601 725 3679 multis
739 3601 845 3705 elijs·

413 4054 417 4061 .
546 3975 766 4078 miseeto
783 4000 919 4076 somni
934 4000 1112 4078 rosanus
1130 4002 1175 4078 ee
1191 4002 1365 4079 Johnson
1383 4004 1428 4081 ue
1445 4006 1549 4081 uma
1564 4007 1610 4083 ue
1629 4006 1807 4110 simius.

484 4277 528 4347 55
548 4238 742 4343 Omnibus
766 4264 835 4339 boo
860 4262 1029 4364 seriptum
1053 4264 1176 4339 visuris
1200 4263 1256 4339 rel
1281 4266 1456 4341 audituris
1476 4268 1661 4357 lohannes
1687 4274 1732 4349 de
1755 4272 1932 4351 Johnston
1957 4276 2057 4353 miles

543 4398 691 4475 sulutem
711 4412 870 4474 eternam
890 4398 928 4471 in
945 4397 1092 4473 domino
1109 4436 1119 4457 ·
1141 4397 1328 4473 Noueritie
1350 4424 1408 4475 me
1424 4414 1522 4478 rates
1542 4418 1580 4481 et
1595 4421 1714 4506 gratos
1729 4408 1860 4485 habere
1876 4436 1920 4486 oo
1935 4413 2055 4487 firmos

543 4548 580 4609 et
600 4530 739 4608 stabiles
761 4544 883 4607 tenere
909 4528 1138 4605 donationem
1164 4546 1201 4607 et
1226 4533 1479 4609 oonoeffionem
1504 4564 1593 4636 quas
1617 4540 1764 4617 domino
1787 4544 1907 4627 (Ile-ria
1935 4547 2056 4648 sponsa

542 4692 623 4741 mea
643 4664 849 4748 monasterio
871 4664 916 4739 de
940 4662 1058 4739 Insula
1082 4663 1268 4748 &liliorum
1289 4680 1324 4741 et
1345 4669 1525 4745 canonicis
1547 4672 1704 4770 ejusdem
1726 4675 1771 4752 de
1791 4680 1957 4755 consensu
1975 4708 2055 4757 meo

540 4804 671 4880 iecerat
705 4798 749 4873 de
782 4796 937 4897 quadem
964 4798 1129 4901 portione
1162 4824 1280 4873 annue
1313 4802 1489 4899 pensionis
1523 4821 1667 4881 centum
1696 4808 1885 4885 solidorum
1915 4817 2053 4915 argenti
