5734 6700
1037 768 1116 842 DE
1144 767 1549 846 INGHAFFERY.
2001 780 2049 848 45

535 1006 711 1080 dictorum
734 1003 899 1102 judicum
924 983 1064 1076 necnon
1090 1015 1127 1076 et
1150 999 1261 1101 sigillo
1285 999 1494 1076 venerabilis
1523 1002 1633 1102 patrie
1661 1002 1818 1103 Philippi
1844 1003 1902 1079 dei
1927 1005 2042 1104 gratia

534 1139 672 1213 abbatie
698 1137 744 1212 dc
771 1136 890 1212 Scona
915 1135 976 1234 qui
1000 1133 1107 1234 hujus
1133 1134 1229 1210 testie
1252 1135 1301 1209 est
1331 1133 1398 1209 saci
1422 1134 1555 1234 apponi
1582 1177 1590 1194 ·
1621 1136 1743 1211 datum
1767 1138 1863 1236 apud
1887 1137 2043 1212 Sconam

532 1273 579 1346 ad
604 1270 730 1346 sestam
760 1269 871 1344 sancti
905 1266 1093 1353 michaelio
1127 1293 1221 1342 anno
1249 1267 1362 1368 gratie
1395 1275 1446 1351 <0⁰
1480 1276 1535 1342 cc⁰
1564 1267 1717 1368 11110νί]ο
1748 1313 1757 1328 ·
1789 1269 1872 1344 Hiio
1897 1270 2042 1346 testibus

535 1403 680 1478 domino
706 1401 860 1502 Phillipo
882 1401 1010 1476 abbate
1032 1415 1069 1474 et
1094 1400 1238 1474 domino
1265 1399 1303 1472 H
1331 1398 1448 1498 priore
1473 1399 1518 1474 de
1545 1397 1663 1475 Scona
1684 1444 1693 1460 ·
1716 1401 1860 1477 domino
1885 1402 2041 1478 Rioardo

532 1536 650 1637 priore
673 1536 718 1610 de
736 1532 1009 1610 Cambuslrenell
1034 1547 1070 1608 et
1087 1533 1252 1634 magistro
1268 1531 1436 1607 Johanne
1455 1534 1588 1609 redtore
1604 1533 1743 1611 ecclesie
1760 1535 1806 1610 de
1825 1534 2011 1637 Striuillirn
2030 1579 2039 1598 ·

533 1667 686 1742 Patricio
703 1666 776 1741 filio
794 1664 963 1740 Willelmi
981 1664 1188 1740 vicecomite
1205 1664 1251 1739 de
1268 1664 1378 1740 Perth
1396 1679 1431 1740 et
1447 1664 1568 1739 multis
1585 1664 1661 1739 aliis
1680 1707 1689 1725 ·

533 2039 705 2140 Donatio
723 2078 759 2140 et
778 2064 877 2163 quita
893 2061 1057 2138 clamatio
1074 2062 1119 2136 de
1136 2088 1206 2136 vna
1222 2087 1342 2137 maroa
1358 2063 1468 2136 annui
1484 2063 1646 2139 redditus
1662 2066 1708 2141 de
1725 2065 1972 2170 Tullybardyn
1991 2110 1999 2126 ·

465 2298 731 2423 46011111
754 2325 847 2399 aaut
872 2339 1006 2400 earam
1025 2324 1147 2399 vanas
1172 2323 1229 2400 vel
1249 2289 1421 2399 audiaris
1440 2325 1605 2403 Aeaeae
1621 2329 1667 2404 ee
1683 2330 1848 2408 moena
1865 2330 1910 2404 aa
1927 2327 2043 2430 Tury.

534 2459 673 2559 bardyn
683 2456 829 2533 salutem
840 2471 1001 2533 eternam
1012 2500 1021 2516 ·
1034 2457 1128 2532 Gom
1142 2457 1325 2556 cujusdam
1335 2446 1568 2537 controuersie
1581 2461 1748 2538 distancia
1760 2463 1853 2540 inter
1862 2462 2040 2564 religiosos

534 2599 626 2673 viros
651 2599 816 2673 abbatem
839 2612 876 2672 11
901 2610 1118 2672 conuentum
1146 2597 1192 2672 de
1217 2596 1336 2672 Insula
1351 2599 1537 2680 missarum
1562 2622 1608 2671 ex
1632 2610 1734 2696 parte
1757 2622 1828 2670 vna
1851 2609 1889 2671 et
1912 2622 1971 2671 me
1996 2621 2042 2670 ex

535 2745 635 2832 parte
652 2728 763 2806 altera
778 2755 843 2830 per
860 2729 1056 2804 triennium
1072 2742 1109 2804 et
1125 2727 1217 2803 vltra
1232 2728 1347 2804 sinisset
1363 2729 1502 2805 ratione
1513 2727 1616 2802 vniua
1628 2753 1747 2803 marce
1758 2727 1870 2802 annui
1881 2726 2042 2803 redditae

536 2889 601 2965 per
625 2864 760 2938 dictum
787 2877 929 2962 tempus
959 2889 981 2936 a
1007 2860 1109 2936 didtie
1137 2860 1304 2961 religiosis
1330 2888 1396 2963 per
1420 2889 1479 2938 me
1506 2861 1652 2937 detento
1679 2873 1717 2937 et
1738 2861 1909 2936 abstracte
1934 2886 2043 2959 quam

536 2995 681 3097 quidem
706 3020 861 3070 maroam
886 2993 972 3068 dicti
996 2992 1144 3094 religiosi
1174 2994 1367 3070 asscrebant
1392 2995 1426 3070 se
1451 2992 1641 3095 percepisse
1668 2991 1852 3068 annuatim
1879 2994 1925 3066 ad
1952 2993 2043 3067 duee

538 3129 708 3204 terminos
733 3127 897 3204 videlicet
923 3128 970 3201 ad
995 3127 1082 3202 festa
1108 3127 1311 3228 pentieostie
1336 3141 1372 3203 et
1395 3129 1505 3203 sancti
1525 3127 1675 3211 martini
1700 3128 1746 3203 de
1769 3140 1974 3202 tenemento
1999 3126 2046 3202 de

538 3259 775 3362 Tulybardyn
793 3259 938 3334 nomine
954 3259 1132 3333 dictarum
1151 3259 1367 3334 decimarum
1386 3261 1543 3361 ejusdem
1562 3303 1571 3320 ·
1590 3260 1727 3335 Habita
1741 3259 1825 3334 hinc
1841 3259 1926 3335 inde
1941 3261 2046 3362 super

537 3394 604 3468 hao
620 3393 714 3468 inter
730 3393 821 3493 ipsoe
838 3406 875 3467 et
891 3418 950 3466 mc
965 3391 1081 3492 sepius
1096 3390 1168 3468 litie
1184 3392 1414 3468 altercatione
1433 3393 1580 3469 tandem
1596 3394 1643 3468 ad
1660 3392 1920 3468 ordinationem
1935 3419 2045 3468 vene-

537 3526 656 3601 rabilis
680 3526 793 3627 patris
817 3526 856 3599 in
884 3524 1024 3601 Christo
1044 3524 1180 3599 domini
1199 3524 1366 3607 mauricii
1390 3526 1448 3602 dei
1471 3526 1586 3627 gratia
1608 3526 1760 3627 episcopi
1782 3524 2045 3601 Dunblanensis

538 3660 682 3760 cognita
703 3659 756 3735 rei
775 3659 923 3735 veritate
947 3658 1133 3733 euidenter
1152 3672 1334 3759 repertum
1357 3671 1434 3734 erat
1454 3660 1551 3759 quod
1573 3659 1702 3761 presati
1720 3658 1868 3761 religiosi
1888 3674 1925 3734 et
1945 3660 2045 3733 suum

539 3792 786 3877 monasterium
815 3792 961 3867 suerunt
989 3792 1027 3865 in
1057 3792 1257 3893 possessione
1286 3791 1434 3892 pacifica
1464 3817 1486 3865 a
1510 3806 1670 3892 tempore
1699 3794 1802 3894 cujus
1831 3818 1904 3866 non
1933 3794 2047 3868 exstat

526 3922 710 4034 memoria
732 3922 828 3997 illam
848 3948 1002 3998 marcam
1028 3936 1067 3997 vt
1091 3922 1311 4023 premittitur
1332 3923 1528 4024 recipiendi
1547 3924 1740 3999 secundum
1756 3925 1852 4023 quod
1873 3924 1911 3997 in
1935 3922 2046 3997 literis

540 4057 774 4133 donationum
791 4056 1045 4133 antecessorum
1061 4081 1223 4131 meorum
1240 4056 1323 4131 inde
1341 4057 1511 4131 consectis
1533 4056 1673 4157 plenius
1693 4057 1824 4132 dicitur
1842 4057 2043 4132 contineri·
2096 4155 2100 4164 ἡ

541 4188 665 4264 Deum
675 4188 769 4264 enim
779 4188 914 4263 habene
924 4214 988 4289 pro
998 4186 1110 4263 oculis
1120 4202 1272 4287 votaque
1282 4188 1342 4289 pia
1351 4202 1540 4289 parentum
1550 4214 1711 4263 meorum
1720 4188 1912 4289 infringere
1921 4188 2046 4265 nolens

541 4321 601 4398 sod
622 4322 741 4423 potius
757 4346 886 4421 augam
909 4346 976 4396 nec
993 4320 1107 4397 dictos
1123 4320 1301 4421 religiosos
1316 4320 1464 4395 alteriue
1481 4346 1609 4397 vexare
1625 4320 1753 4421 injuste
1769 4322 1916 4423 cupiene
1933 4337 2046 4400 totam

542 4454 788 4531 clamationem
805 4480 870 4555 per
886 4480 945 4529 me
961 4468 1076 4529 ortam
1092 4454 1151 4529 seu
1167 4453 1324 4529 habitam
1341 4453 1396 4529 vel
1416 4480 1481 4555 per
1496 4480 1555 4529 me
1571 4468 1633 4531 aut
1649 4454 1797 4531 heredes
1813 4481 1912 4531 meos
1927 4456 2046 4558 aliquo

541 4590 650 4665 modo
665 4586 770 4663 titulo
786 4586 841 4663 vel
859 4603 1018 4689 tempore
1035 4588 1072 4661 in
1090 4588 1183 4664 didta
1198 4588 1377 4663 marcado
1394 4601 1512 4663 cetero
1523 4589 1724 4664 habendam
1736 4590 1866 4665 eisdem
1881 4590 2047 4693 religiosis

541 4725 666 4825 sponte
685 4736 722 4797 et
744 4722 886 4821 penitus
908 4724 1043 4823 resigno
1066 4735 1102 4796 et
1122 4720 1406 4822 prenominatam
1428 4747 1585 4797 marcam
1606 4737 1649 4797 ut
1670 4723 1867 4824 predictum
1887 4726 1936 4800 est
1957 4752 2047 4825 quo-

540 4856 629 4932 libet
653 4882 747 4931 anno
771 4855 1037 4957 percipiendam
1066 4854 1149 4930 Deo
1183 4869 1219 4930 et
1247 4856 1351 4934 beato
1377 4855 1495 4937 aterio
1518 4870 1556 4931 et
1579 4858 1684 4932 beato
1709 4857 1865 4932 Johanni
1893 4859 2046 4959 apostolo
