5734 6700
744 665 793 734 22
1324 652 1681 732 REGISTRUM

745 904 782 966 et
800 888 992 964 heredibus
1015 887 1103 962 meis
1120 902 1157 962 et
1185 887 1360 986 effignatis
1378 899 1414 962 et
1437 912 1561 962 eorum
1578 887 1768 963 heredibus
1785 889 1824 962 in
1840 888 2063 965 excambium
2080 914 2146 989 pro
2163 902 2263 964 terra

746 1022 792 1096 de
823 1019 970 1096 Oullath
997 1018 1145 1093 donauit
1174 1032 1211 1094 et
1241 1020 1402 1094 eoncefiit
1432 1046 1541 1118 quam
1570 1020 1715 1119 quidem
1739 1035 1871 1096 terram
1900 1021 1947 1096 de
1974 1019 2118 1096 Oullsth
2144 1020 2261 1097 didius

746 1178 863 1228 eomes
880 1177 925 1226 ex
943 1150 1107 1226 consensu
1123 1176 1203 1226 meo
1220 1149 1288 1226 deo
1305 1163 1342 1226 et
1359 1149 1498 1226 ecclelie
1515 1151 1561 1226 de
1577 1150 1812 1226 Dumblanefl
1828 1152 2093 1254 inperpetuum
2110 1156 2261 1256 effigua-

745 1285 799 1360 uit
817 1283 1009 1360 Teneudne
1027 1298 1063 1359 et
1079 1283 1260 1358 habendus
1277 1282 1339 1358 libi
1355 1295 1393 1358 et
1410 1283 1479 1357 suis
1495 1284 1741 1360 suecefforibus
1758 1286 1804 1360 de
1823 1311 1882 1360 me
1904 1300 1941 1361 et
1961 1285 2153 1362 heredibus
2170 1286 2260 1362 meis

746 1432 782 1494 et
799 1416 975 1518 effignatis
992 1416 1029 1490 in
1046 1428 1260 1517 perpetuum
1277 1415 1317 1488 iu
1334 1441 1462 1516 puram
1480 1430 1516 1492 et
1532 1431 1741 1518 perpetuam
1759 1417 1975 1493 elimofinsm
1987 1418 2097 1494 libere
2113 1419 2261 1516 pacifice

746 1567 783 1628 et
799 1552 920 1653 quiete
937 1553 981 1626 eb
1000 1550 1098 1624 omni
1115 1549 1297 1624 exaltions
1313 1547 1459 1624 seculari
1476 1563 1515 1624 et
1531 1551 1782 1626 cousuetudine
1799 1565 1836 1627 et
1852 1552 2031 1627 demanda
2055 1596 2065 1612 ·
2088 1553 2134 1627 In
2157 1555 2262 1653 eujus

744 1685 796 1760 rei
825 1683 1063 1760 testimonium
1089 1681 1159 1756 hiis
1187 1679 1299 1756 literis
1324 1679 1475 1781 figillum
1499 1707 1620 1756 meum
1645 1683 1793 1784 apposui
1820 1681 1902 1757 Hiis
1929 1683 2093 1759 Testibus
2114 1682 2261 1758 domino

747 1819 906 1893 Roberto
940 1817 999 1892 dei
1032 1816 1147 1918 gratis
1175 1814 1338 1916 episeopo
1373 1813 1620 1891 Duublauenfi
1656 1861 1665 1878 ·
1701 1817 1874 1918 magistro
1900 1817 2058 1894 Ricsrdo
2085 1817 2260 1920 magistro

745 1951 770 2026 J
771 1950 911 2026 ohanne
928 1949 973 2024 de
990 1949 1096 2050 Logp
1107 1949 1262 2047 ejusdem
1278 1946 1419 2024 eselefie
1433 1949 1613 2024 canonicis
1632 1994 1640 2009 ·
1658 1950 1804 2026 domino
1817 1948 1842 2025 J
1854 1950 1990 2025 deceno
2009 1993 2019 2010 ·
2036 1951 2182 2027 domino
2193 1951 2260 2025 N·

744 2084 877 2159 retbere
893 2081 1033 2158 eeclefis
1050 2082 1097 2157 de
1115 2081 1220 2157 Orefe
1238 2121 1247 2142 ·
1265 2081 1447 2156 Trestrsm
1464 2082 1510 2155 de
1528 2082 1646 2184 Gorty
1664 2126 1674 2145 ·
1691 2083 1775 2159 Ach
1791 2097 1829 2159 et
1838 2084 1996 2168 oeonseh
2013 2083 2094 2159 filiis
2103 2083 2229 2187 Alpini
2247 2125 2257 2146 ·

746 2231 782 2292 et
800 2215 919 2292 Brieio
936 2215 1096 2316 dapifero
1114 2252 1125 2275 ·
1143 2229 1178 2290 et
1192 2213 1315 2290 multis
1332 2213 1408 2289 eliis
1423 2257 1432 2274 ·
1445 2213 1546 2290 Data
1557 2217 1654 2318 apud
1668 2215 1821 2292 Insulam
1831 2215 2017 2300 miliarum
2033 2244 2129 2292 enno
2144 2218 2259 2318 gratie

745 2353 920 2434 stillefimo
939 2362 1016 2430 cemo
1033 2353 1284 2455 septuagefimo
1301 2353 1417 2452 primo
1434 2352 1493 2428 die
1509 2349 1616 2424 santii
1633 2342 1830 2426 Clementis
1846 2375 1939 2450 pape
1956 2363 1992 2424 et
2008 2349 2163 2426 martiris
2181 2394 2190 2410 ·

749 2727 871 2830 Carta
888 2752 1041 2830 Tebeldi
1058 2753 1103 2829 de
1122 2779 1193 2830 vno
1210 2753 1301 2828 tofto
1318 2767 1354 2828 et
1372 2751 1512 2825 duabus
1530 2751 1620 2826 acris
1637 2764 1733 2825 terre
1750 2751 1788 2824 in
1806 2749 1986 2853 Petlandy
2007 2793 2014 2810 ·

678 3017 725 3084 20
747 2991 941 3094 Omnibus
962 3018 1076 3094 landis
1100 3019 1222 3102 restris
1243 3015 1383 3092 ecclelie
1406 3014 1487 3089 filiis
1507 3017 1649 3116 presens
1669 3016 1838 3118 scriptum
1863 3019 1988 3092 visuris
2006 3017 2060 3092 vel
2082 3017 2259 3092 audituris
2333 3045 2338 3054 ·

745 3151 927 3227 Tebsldus
944 3151 1037 3226 filius
1061 3149 1232 3226 Willelmi
1248 3149 1309 3248 filij
1331 3148 1529 3225 Clementis
1546 3147 1694 3224 salutem
1721 3191 1730 3208 ·
1758 3147 1883 3226 Sciant
1898 3150 2078 3251 presentes
2094 3165 2131 3225 et
2146 3149 2259 3224 futuri

744 3311 802 3359 me
820 3282 941 3359 diuine
959 3282 1115 3359 caritatis
1132 3282 1264 3359 intuitu
1277 3281 1408 3357 dediffe
1426 3295 1464 3357 et
1481 3281 1675 3357 sonceffiffe
1691 3293 1728 3357 et
1744 3280 1812 3356 hac
1829 3297 1929 3357 carte
1945 3308 2025 3357 mea
2041 3282 2259 3358 confirmsffe

744 3417 812 3491 deo
836 3430 872 3491 et
897 3417 1001 3491 beate
1026 3414 1144 3497 marie
1170 3430 1207 3491 et
1226 3415 1332 3490 beato
1350 3413 1510 3490 Johanui
1536 3412 1693 3514 apostolo
1717 3427 1754 3488 et
1777 3414 1993 3515 euangeliste
2018 3429 2056 3490 et
2077 3415 2199 3491 abbati
2221 3429 2258 3490 et

743 3550 938 3626 conuentui
960 3552 1005 3626 de
1027 3548 1147 3624 Insula
1167 3550 1354 3633 miliarum
1379 3548 1417 3622 in
1444 3574 1572 3649 puram
1597 3562 1635 3623 et
1661 3562 1875 3648 perpetuam
1896 3547 2120 3625 elemolinsm
2146 3576 2258 3623 vnum

744 3684 896 3761 eroftum
912 3686 972 3761 sex
989 3700 1213 3786 perderemur
1230 3681 1466 3784 longitudinis
1480 3696 1517 3757 et
1531 3682 1589 3757 lex
1602 3680 1896 3757 latitudiniseum
1909 3682 2048 3757 duabus
2060 3684 2152 3758 aeris
2163 3698 2258 3759 terre

744 3820 780 3894 in
793 3818 875 3895 villa
892 3846 972 3893 mea
986 3818 1164 3918 Petlandy
1177 3816 1341 3893 videlicet
1358 3817 1395 3891 in
1413 3842 1499 3919 agro
1516 3816 1579 3915 qui
1596 3815 1727 3891 dicitur
1737 3814 1910 3891 ficheleris
1925 3817 1989 3892 flat
2006 3794 2043 3892 et
2059 3843 2142 3892 eum
2159 3844 2257 3893 eom·

744 3954 844 4029 muni
861 3955 1003 4055 pastura
1019 3932 1100 4028 octe
1116 3976 1305 4027 vacuarum
1323 3964 1359 4026 et
1376 3950 1559 4052 sexaginta
1574 3950 1698 4025 ouium
1715 3964 1752 4025 et
1764 3950 1916 4025 duorum
1930 3976 2103 4051 equorum
2121 3965 2158 4027 et
2175 3978 2257 4027 cum

744 4088 909 4162 omnibus
927 4086 1004 4161 eliis
1022 4084 1273 4161 communibus
1290 4084 1503 4160 eihameutis
1520 4084 1678 4185 preditte
1694 4084 1776 4159 ville
1799 4083 2016 4160 Tenendum
2032 4086 2095 4159 libi
2115 4086 2152 4159 iu
2173 4112 2258 4187 per-

744 4235 894 4321 petuum
912 4221 956 4295 de
974 4248 1031 4297 me
1048 4234 1086 4297 et
1102 4218 1296 4295 heredibus
1312 4216 1401 4293 meis
1416 4215 1528 4293 libere
1544 4216 1664 4317 quiete
1685 4214 1844 4318 plenarie
1864 4230 1901 4293 et
1918 4216 2113 4294 honorifice
2139 4260 2149 4279 ·
2176 4219 2257 4319 Ego

737 4379 828 4429 sero
851 4368 888 4429 et
911 4354 1060 4430 heredes
1086 4353 1158 4429 mei
1182 4352 1275 4429 hane
1302 4352 1454 4429 eandem
1479 4351 1704 4427 elemolinam
1726 4351 1778 4427 eis
1800 4364 1927 4427 contre
1946 4377 2070 4427 omues
2095 4352 2258 4428 homines

743 4486 1072 4563 warrantizabimus
1090 4502 1126 4564 et
1142 4485 1290 4563 liberam
1304 4500 1340 4561 et
1354 4484 1512 4586 quietam
1528 4486 1574 4560 ab
1591 4485 1689 4559 omni
1703 4486 1884 4562 exuitione
1900 4500 1937 4561 et
1952 4486 2097 4562 seruieio
2113 4487 2258 4562 seculari

743 4618 913 4693 faciemus
937 4662 946 4681 ·
967 4621 1013 4696 In
1029 4621 1138 4721 hujus
1158 4620 1211 4711 rei
1228 4619 1470 4695 testimonium
1491 4618 1576 4694 huie
1598 4616 1726 4719 seripto
1750 4591 1902 4720 {igilium
1927 4645 2049 4694 meum
2074 4622 2218 4722 apposui
2246 4664 2254 4680 ·

742 4766 780 4825 vt
805 4766 924 4827 sutem
950 4752 1016 4827 hee
1041 4778 1121 4826 mea
1146 4751 1292 4827 donatio
1318 4750 1503 4853 perpetuis
1528 4764 1607 4826 rats
1631 4750 1855 4850 temporibus
1880 4766 2091 4852 permaneat
2116 4754 2162 4827 ad
2187 4753 2257 4830 hoe
