5734 6700
1087 771 1166 892 DE
1195 771 1597 850 INOHAFFERY.

588 1111 716 1240 Quite
732 1132 900 1212 clematio
916 1134 997 1212 cuni
1013 1149 1049 1210 et
1067 1135 1211 1211 eonneti
1228 1135 1272 1210 dc
1289 1135 1512 1237 oeeddirnyn
1532 1177 1541 1197 ·

518 1399 566 1481 'sd
586 1373 713 1502 Hugc
730 1400 789 1476 dei
810 1399 925 1501 gretie
944 1398 1211 1474 Dunkeldenfie
1233 1399 1415 1500 episcopus
1433 1399 1598 1474 omnibus
1619 1401 1762 1501 presens
1783 1401 1950 1503 scriptum
1966 1404 2090 1479 visuris

582 1534 639 1611 vel
650 1535 825 1610 audituris
835 1547 993 1610 eternum
1008 1532 1047 1606 in
1059 1533 1203 1608 dominc
1216 1532 1385 1608 salutem·
1402 1532 1559 1609 Nouerit
1570 1533 1776 1610 uniuersitue
1786 1536 1900 1610 vestra
1916 1562 1981 1611 nce
1998 1538 2089 1612 ceri-

584 1668 667 1745 tutie
692 1681 729 1744 et
753 1667 876 1744 dinine
901 1667 1045 1766 pietatis
1068 1666 1210 1742 intuitu·
1223 1667 1383 1742 remisisse
1405 1681 1443 1742 et
1466 1666 1504 1740 in
1528 1681 1743 1768 perpetuum
1765 1667 1906 1767 quitum
1926 1669 2087 1746 clumufl‘e

582 1801 702 1877 ubbeti
727 1815 765 1876 et
789 1799 967 1876 canonicis
992 1800 1039 1874 de
1065 1797 1184 1874 Insula
1204 1799 1387 1883 missarum
1413 1825 1544 1875 cunum
1569 1813 1607 1876 ct
1630 1814 1823 1876 conuetum
1848 1801 1948 1902 qnod
1970 1803 2087 1880 clerici

573 1934 723 2030 vecclesie
740 1933 1004 2010 Dnnkeldenfie
1021 1932 1204 2035 percipere
1220 1933 1479 2008 consueuerant
1503 1933 1601 2032 apud
1617 1933 1840 2035 aseddirdyn
1866 1935 1928 2034 qui
1947 1935 2087 2012 Scotice

583 2069 713 2145 dicitur
735 2068 884 2144 Abthen
910 2111 919 2128 ·
945 2068 1008 2143 Ad
1027 2067 1135 2168 hujus
1160 2081 1280 2142 eutem
1298 2066 1396 2165 quite
1413 2064 1630 2140 clamationie
1646 2068 1752 2142 robor
1773 2084 1988 2170 perpetuum
2003 2069 2087 2146 huic

582 2202 710 2304 scripto
726 2200 875 2304 sigillum
892 2201 1048 2276 nostrum
1066 2199 1291 2299 apposuimus
1310 2241 1319 2260 ·
1337 2198 1442 2274 Teste
1458 2197 1616 2298 cupitnlo
1631 2198 1878 2276 Dnukeldensi
1896 2242 1907 2262 ·

587 2573 709 2676 Caro
725 2596 901 2674 Jchonnie
918 2597 1069 2698 episcopi
1085 2595 1189 2697 primi
1206 2597 1251 2671 de
1268 2595 1417 2670 Abthun
1434 2637 1444 2656 ·

519 2867 567 2946 te
586 2837 622 2940 J
624 2862 782 2939 ohanne
799 2861 857 2936 ee
873 2861 988 2963 gree
1004 2861 1185 2960 episeopus
1201 2859 1467 2936 numeneus
1482 2861 1651 2936 minores
1666 2861 1782 2937 nanee
1803 2865 1926 2946 φακῆ,
1948 2866 2089 2943 cereno

583 2995 665 3096 filije
682 2996 729 3070 ed
740 3021 830 3096 quoe
841 2995 942 3070 litere
954 2994 1255 3093 istepcrucnerint
1272 2991 1443 3068 salutern·
1463 2991 1589 3068 Sciunt
1600 3019 1725 3070 omnen
1737 2995 1915 3094 presentes
1927 2999 2088 3074 etsuturi

583 3155 649 3206 noe
666 3128 795 3206 dedisse
813 3129 1005 3205 concessisse
1027 3141 1064 3202 et
1082 3127 1150 3202 huc
1167 3141 1265 3202 cartu
1286 3127 1403 3202 nostru
1425 3127 1642 3204 confirmasse
1665 3125 1748 3204 Deo
1763 3143 1802 3204 et
1823 3130 1963 3208 ecclesie
1983 3133 2088 3209 sensti

583 3261 759 3338 Johnnnie
783 3262 828 3338 de
851 3260 1057 3363 Inchuffryu
1081 3274 1118 3334 et
1141 3259 1308 3334 suetribue
1332 3258 1467 3334 ibidem
1491 3256 1574 3335 Deo
1589 3259 1823 3338 tendentibus
1847 3278 1884 3338 et
1908 3264 2088 3341 seruitutis

583 3412 713 3475 terrum
740 3398 893 3472 nostrum
917 3395 955 3469 in
975 3394 1209 3495 (lieddymyn
1229 3418 1299 3494 que
1315 3408 1410 3469 terre
1428 3408 1577 3470 vocetur
1592 3394 1765 3473 Abthunc
1785 3423 1850 3496 per
1873 3399 1952 3474 sucu
1976 3404 2088 3477 reeca

583 3528 711 3604 diuisae
735 3553 816 3603 cum
834 3526 999 3602 omnibus
1011 3525 1114 3626 justis
1135 3525 1360 3627 pertinentije
1380 3525 1450 3600 suie
1465 3526 1513 3600 ed
1529 3526 1738 3627 petitionem
1755 3528 1895 3605 comitis
1913 3572 1923 3591 ·
1941 3530 1980 3607 G
2007 3572 2016 3592 ·
2041 3532 2088 3607 de

584 3662 798 3763 Stratheryu
819 3676 855 3737 ct
871 3659 989 3735 fratris
1008 3662 1086 3759 ejus
1103 3660 1147 3743 α)
1169 3702 1178 3719 ·
1201 3658 1239 3733 iu
1256 3657 1501 3757 redemptione
1515 3660 1634 3735 mimo
1649 3663 1765 3737 nostre
1781 3675 1819 3737 ct
1833 3664 2087 3740 ontecefl'orum

583 3795 779 3869 nostrorum
796 3808 832 3868 et
849 3791 997 3894 prodisti
1013 3791 1153 3867 comitis
1170 3830 1180 3853 ·
1199 3789 1238 3867 G
1255 3828 1265 3851 ·
1283 3803 1320 3866 et
1331 3790 1470 3866 sucrum
1489 3829 1499 3852 ·
1518 3791 1728 3868 Tenendum
1745 3794 1909 3892 predictis
1919 3796 2088 3871 srutribue

583 3941 620 4005 et
636 3952 760 4003 eornm
777 3925 1022 4002 succefl'cribue
1038 3926 1076 3999 iu
1086 3924 1233 4001 liberum
1250 3940 1286 4000 et
1302 3938 1512 4024 perpetuum
1528 3924 1751 4002 elemosinam
1767 3926 1968 4006 Reddendc
1983 3931 2087 4006 nobie

584 4072 622 4136 et
645 4058 890 4135 succefforibue
916 4058 1041 4135 nostrie
1065 4058 1250 4133 annuatim
1274 4082 1381 4133 vnem
1406 4082 1563 4133 mercem
1585 4060 1724 4160 argenti
1745 4061 1876 4137 scilicet
1897 4062 2086 4140 dimidium

584 4192 632 4266 ud
656 4190 874 4293 peuticosten
898 4204 935 4267 et
955 4190 1141 4265 dimidium
1165 4190 1213 4264 ud
1233 4190 1359 4265 sosium
1383 4190 1490 4266 senei
1512 4191 1664 4276 memini
1688 4233 1698 4255 ·
1720 4193 1896 4269 Volumus
1911 4196 2033 4297 ituque
2048 4212 2086 4274 et

583 4324 799 4426 precipimus
821 4338 861 4399 vt
882 4322 991 4421 ijdem
1015 4323 1141 4398 sruuee
1156 4322 1304 4424 predicti
1320 4336 1358 4401 et
1374 4350 1500 4399 eorum
1514 4325 1720 4403 sncceffcree
1743 4328 1936 4429 predictum
1956 4345 2084 4407 terrem

583 4471 730 4533 teneant
756 4468 794 4535 et
821 4454 1015 4557 possideant
1043 4456 1089 4531 de
1114 4455 1216 4531 nobie
1241 4469 1278 4531 et
1305 4456 1551 4532 succefi'cribus
1583 4458 1709 4533 nostrie
1741 4460 1792 4535 ite
1822 4459 1933 4538 libere
1965 4464 2085 4563 quiete

583 4587 741 4691 plenarie
757 4600 794 4665 et
808 4586 1003 4663 honorifice
1019 4588 1064 4662 eb
1081 4586 1179 4662 omni
1195 4584 1377 4662 exactione
1393 4600 1429 4663 et
1452 4588 1705 4666 consuetudine
1725 4604 1763 4667 ct
1777 4591 1924 4668 seruicio
1939 4594 2084 4671 seculari

582 4720 630 4798 ud
646 4748 711 4797 nce
727 4720 930 4823 pertinente
945 4722 984 4797 in
1000 4722 1102 4797 bosco
1120 4734 1156 4795 ct
1181 4718 1289 4821 plnno
1311 4719 1349 4793 in
1368 4720 1479 4818 pretie
1503 4736 1540 4798 et
1559 4722 1695 4824 pascuis
1718 4724 1755 4799 in
1777 4726 1878 4825 uquie
1894 4743 1931 4803 et
1949 4729 2083 4805 molen-

1811 4884 1837 4932 u
