5734 6700
1087 671 1166 748 DE
1193 671 1593 752 lNOHAFFERY.

578 1011 874 1114 Contende
892 1036 1018 1114 Rath·

506 1311 553 1384 60
573 1277 773 1382 Robertus
796 1330 916 1380 comes
934 1305 981 1381 do
1000 1303 1213 1404 Stratheryn
1236 1303 1403 1380 omnibus
1425 1303 1494 1379 hoc
1516 1303 1685 1406 scriptum
1700 1304 1823 1380 visuris
1839 1304 1896 1382 vel
1912 1306 2086 1382 audituris

569 1439 719 1518 sulutem
747 1479 758 1502 ·
791 1440 915 1519 Sciant
939 1441 1118 1542 presentes
1140 1453 1178 1514 et
1200 1438 1312 1514 suturi
1334 1465 1392 1514 me
1413 1439 1544 1514 dedisse
1564 1451 1602 1514 et
1620 1439 1814 1516 concessisse
1837 1453 1874 1517 et
1895 1439 1963 1515 hae
1988 1454 2086 1516 carta

572 1599 653 1650 mea
664 1575 883 1652 confirmasse
896 1573 979 1651 Deo
994 1587 1031 1650 et
1047 1574 1151 1650 beate
1163 1570 1282 1653 marie
1299 1587 1335 1648 et
1351 1574 1458 1649 beato
1468 1573 1493 1648 J
1494 1572 1629 1647 ohanni
1644 1573 1801 1675 apostolo
1817 1588 1854 1650 et
1871 1573 2084 1676 euangelisle

570 1707 615 1783 de
634 1706 754 1784 Insula
769 1707 955 1792 misarum
972 1721 1009 1784 et
1025 1707 1146 1783 abbati
1166 1721 1203 1782 et
1219 1706 1399 1782 canonicis
1415 1706 1550 1783 ibidem
1566 1706 1649 1782 Deo
1669 1707 1904 1783 seruientibus
1920 1723 1958 1784 et
1973 1709 2082 1784 serui-

568 1842 658 1918 turis
683 1840 721 1916 in
746 1869 875 1944 puram
900 1857 938 1918 et
961 1855 1175 1944 perpetuam
1198 1838 1422 1918 elemosinam
1446 1854 1578 1915 terram
1598 1866 1669 1939 que
1685 1839 1818 1915 dicitur
1833 1840 1934 1916 Rath
1954 1841 2083 1918 scilicet

567 1987 733 2073 quartam
758 1989 897 2076 partem
921 1975 1032 2052 totius
1054 1971 1259 2074 Dunsallyn
1280 1999 1361 2048 oum
1386 1973 1551 2049 omnibus
1572 1973 1676 2073 justis
1701 1972 1927 2074 pertinentijs
1951 1974 2020 2050 suis
2043 1977 2082 2048 in

566 2108 670 2184 bosco
687 2123 724 2184 et
740 2107 847 2209 plano
864 2107 902 2182 in
918 2107 1032 2210 pratis
1050 2121 1086 2183 et
1103 2106 1238 2207 pascuis
1255 2105 1293 2180 in
1309 2105 1418 2180 moris
1431 2119 1468 2180 et
1480 2105 1634 2204 maresijs
1647 2105 1685 2178 in
1697 2106 1798 2204 aquis
1814 2121 1852 2181 et
1868 2107 2081 2183 molendinis

567 2255 604 2316 et
634 2266 716 2314 cnm
745 2241 926 2316 communi
952 2241 1093 2342 pastura
1116 2253 1153 2315 et
1175 2238 1341 2314 omnibus
1370 2235 1447 2312 aliis
1477 2237 1726 2312 communibus
1754 2239 1977 2338 aysiamentis
2006 2255 2080 2317 ter·

566 2399 686 2448 rarum
703 2399 864 2450 mearum
880 2373 1128 2476 prenominato
1145 2387 1238 2449 terre
1254 2371 1452 2448 vicinarum
1467 2413 1475 2431 ·
1491 2371 1702 2446 Tenendum
1714 2371 1759 2446 de
1770 2399 1829 2447 me
1841 2387 1878 2447 et
1889 2373 2079 2450 heredibus

565 2507 655 2582 meis
671 2505 781 2584 libere
794 2520 830 2581 ot
843 2507 963 2605 quiete
975 2507 1021 2582 ab
1034 2505 1133 2581 omni
1145 2505 1288 2582 senrioio
1302 2518 1339 2580 et
1350 2505 1532 2580 eradione
1543 2503 1688 2580 seculari
1697 2518 1847 2602 excepto
1859 2503 2078 2582 solummodo

566 2639 699 2716 auxilio
722 2639 858 2714 domini
882 2639 976 2740 regis
1001 2639 1146 2740 quando
1170 2637 1300 2716 scilicet
1322 2638 1393 2740 ipse
1414 2639 1581 2714 dominus
1598 2637 1680 2713 Rex
1698 2665 1887 2715 commune
1906 2639 2078 2716 auxilium

564 2774 668 2874 super
692 2785 808 2848 totum
837 2798 989 2873 regnum
1017 2771 1171 2874 posuerit
1200 2798 1267 2872 ego
1294 2798 1379 2847 vero
1408 2785 1446 2847 et
1478 2771 1630 2848 heredes
1659 2771 1729 2847 mei
1756 2785 1874 2847 totum
1901 2771 2077 2872 reliquum

561 2905 770 2980 forinsecum
793 2903 980 2978 seruicium
1002 2904 1138 2979 domini
1155 2905 1267 3004 Regis
1290 2905 1387 3006 quod
1409 2904 1457 2978 ad
1478 2903 1576 2978 illam
1600 2917 1732 2980 terram
1757 2905 1913 3004 pertinet
1935 2933 2001 3004 pro
2026 2907 2076 2982 eis

562 3051 735 3138 perpetuo
752 3037 922 3113 iaciemus
941 3079 949 3096 ·
969 3037 1053 3139 Hijs
1071 3037 1239 3114 testibus·
1258 3037 1443 3113 Abbraam
1459 3035 1705 3112 Dunblanensi
1722 3037 1885 3139 episcopo
1904 3081 1913 3098 ·
1930 3039 2075 3117 domino

561 3169 727 3270 Fergufio
753 3185 790 3246 et
814 3169 952 3254 molisio
977 3170 1145 3246 fratribus
1165 3169 1254 3244 meis
1282 3213 1291 3229 ·
1318 3169 1356 3246 G
1382 3209 1392 3232 ·
1419 3167 1669 3244 archidiacono
1695 3211 1705 3230 ·
1731 3168 1870 3253 &ialifio
1891 3171 2074 3249 senescallo

560 3327 640 3377 meo
660 3345 668 3363 ·
686 3302 866 3386 oeakbeth
878 3301 1001 3403 judice
1017 3315 1056 3377 et
1072 3300 1194 3377 multis
1209 3300 1287 3403 alijs
1305 3344 1314 3361 ·

563 3674 684 3777 Carta
701 3701 853 3777 Roberti
869 3701 914 3777 do
931 3699 1082 3780 moisen
1099 3700 1144 3775 de
1162 3698 1303 3775 duobus
1321 3699 1419 3775 tostis
1437 3712 1473 3775 et
1490 3715 1645 3797 quatuor
1660 3700 1750 3776 acris
1767 3701 1813 3777 de
1829 3701 2025 3805 Dolpatrik
2043 3748 2052 3765 ·

496 3971 541 4043 61
562 3942 755 4043 Omnibus
776 3967 890 4041 fandis
911 3966 1034 4050 matris
1057 3966 1197 4042 ecclesie
1219 3964 1300 4041 siliis
1323 3966 1464 4066 presens
1485 3966 1653 4066 scriptum
1670 3966 1793 4041 visuris
1814 3966 1871 4043 vel
1893 3969 2067 4046 audituris

560 4099 739 4175 Robertus
756 4099 802 4173 de
818 4096 969 4182 ctekfen
985 4097 1132 4173 salutem
1157 4140 1165 4157 ·
1192 4096 1316 4174 Sciant
1332 4098 1513 4199 presentes
1529 4112 1567 4174 et
1582 4099 1694 4173 futuri
1710 4125 1769 4174 me
1786 4126 1832 4175 ex
1848 4101 1982 4176 assensu
1999 4103 2065 4177 do-

557 4232 655 4306 mine
673 4231 795 4306 Soline
812 4232 930 4304 vxoris
953 4256 1032 4305 mee
1049 4244 1085 4307 et
1100 4229 1292 4305 liberorum
1316 4232 1515 4305 nostrorum
1532 4232 1663 4307 dedisse
1679 4246 1716 4307 et
1733 4234 1926 4309 conceffiffe
1943 4250 1980 4310 et
1996 4236 2064 4311 hac

557 4378 654 4439 carta
669 4389 750 4437 mea
766 4361 983 4438 confirmasse
993 4362 1077 4438 Deo
1094 4376 1131 4438 ot
1142 4362 1246 4438 beate
1257 4363 1376 4446 marie
1389 4376 1425 4437 et
1438 4362 1542 4437 beato
1554 4364 1579 4439 J
1580 4363 1713 4438 ohanni
1725 4364 1881 4465 apostolo
1897 4380 1934 4441 et
1950 4393 2062 4442 euan-

554 4495 675 4598 gelista
691 4497 738 4573 de
759 4494 877 4571 Insula
892 4494 1079 4578 misarum
1098 4509 1136 4571 et
1156 4496 1279 4572 abbati
1295 4512 1333 4572 et
1350 4496 1543 4571 conuentui
1561 4496 1715 4596 ejusdem
1730 4495 1801 4572 loci
1821 4498 1859 4572 in
1879 4524 2007 4599 puram
2024 4516 2061 4575 et

555 4646 767 4731 perpetuam
790 4628 1013 4705 elemosinam
1036 4630 1108 4704 duo
1134 4628 1225 4705 tosta
1247 4645 1284 4705 et
1306 4644 1461 4730 quatuor
1482 4655 1582 4704 acras
1607 4629 1762 4705 terrain
1785 4630 1869 4706 villa
1889 4632 1935 4708 de
1957 4634 2060 4709 Ken-

553 4762 710 4841 audhem
720 4788 788 4865 que
805 4762 851 4837 ab
861 4760 929 4840 alio
941 4762 1086 4839 nomine
1097 4762 1230 4839 dicitur
1242 4762 1437 4863 Dolpatrik
1448 4761 1613 4841 videlicet
1628 4765 1761 4841 tostum
1777 4764 1816 4840 in
1833 4792 1904 4866 quo
1916 4767 2058 4843 Alanus
