<?xml version="1.0" encoding="UTF-8"?>
<!DOCTYPE html PUBLIC "-//W3C//DTD XHTML 1.0 Transitional//EN"
    "http://www.w3.org/TR/xhtml1/DTD/xhtml1-transitional.dtd">
<html xmlns="http://www.w3.org/1999/xhtml" xml:lang="en" lang="en">
 <head>
  <title>
</title>
<meta http-equiv="Content-Type" content="text/html;charset=utf-8" />
  <meta name='ocr-system' content='tesseract 3.04.00' />
  <meta name='ocr-capabilities' content='ocr_page ocr_carea ocr_par ocr_line ocrx_word'/>
</head>
<body>
  <div class='ocr_page' id='page_1' title='image "./liberinsulemiss00innegoog_0122.png"; bbox 0 0 5734 6700; ppageno 0'>
   <div class='ocr_carea' id='block_1_1' title="bbox 804 592 1738 676">
    <p class='ocr_par' dir='ltr' id='par_1_1' title="bbox 804 592 1738 676">
     <span class='ocr_line' id='line_1_1' title="bbox 804 592 1738 676; baseline -0.007 -2"><span class='ocrx_word' id='word_1_1' title='bbox 804 603 853 676; x_wconf 84' lang='lat'>40</span> <span class='ocrx_word' id='word_1_2' title='bbox 1378 592 1738 672; x_wconf 84' lang='lat' dir='ltr'>REGISTRUM</span> 
     </span>
    </p>
   </div>
   <div class='ocr_carea' id='block_1_2' title="bbox 805 821 2349 1041">
    <p class='ocr_par' dir='ltr' id='par_1_2' title="bbox 805 821 2349 1041">
     <span class='ocr_line' id='line_1_2' title="bbox 805 821 2349 912; baseline -0.006 -8"><span class='ocrx_word' id='word_1_3' title='bbox 805 829 954 906; x_wconf 80' lang='lat' dir='ltr'><strong>Andree</strong></span> <span class='ocrx_word' id='word_1_4' title='bbox 986 830 1105 906; x_wconf 85' lang='lat' dir='ltr'><strong>Teket</strong></span> <span class='ocrx_word' id='word_1_5' title='bbox 1139 871 1149 890; x_wconf 92' lang='lat'><strong>·</strong></span> <span class='ocrx_word' id='word_1_6' title='bbox 1182 829 1343 912; x_wconf 62' lang='lat' dir='ltr'>mni-tino</span> <span class='ocrx_word' id='word_1_7' title='bbox 1371 828 1418 904; x_wconf 86' lang='lat' dir='ltr'>de</span> <span class='ocrx_word' id='word_1_8' title='bbox 1446 827 1568 904; x_wconf 79' lang='lat' dir='ltr'><strong>Lefi·</strong></span> <span class='ocrx_word' id='word_1_9' title='bbox 1603 827 1763 902; x_wconf 82' lang='lat' dir='ltr'>Henrieo</span> <span class='ocrx_word' id='word_1_10' title='bbox 1788 826 1990 902; x_wconf 82' lang='lat' dir='ltr'>Tentemen</span> <span class='ocrx_word' id='word_1_11' title='bbox 2021 865 2032 884; x_wconf 88' lang='lat'><strong>·</strong></span> <span class='ocrx_word' id='word_1_12' title='bbox 2065 822 2258 899; x_wconf 78' lang='lat' dir='ltr'>Nieholzw</span> <span class='ocrx_word' id='word_1_13' title='bbox 2291 821 2349 895; x_wconf 82' lang='lat' dir='ltr'>de</span> 
     </span>
     <span class='ocr_line' id='line_1_3' title="bbox 807 955 2248 1041; baseline -0.007 -3"><span class='ocrx_word' id='word_1_14' title='bbox 807 963 1041 1038; x_wconf 80' lang='lat' dir='ltr'>Scardborow</span> <span class='ocrx_word' id='word_1_15' title='bbox 1059 1003 1069 1024; x_wconf 91' lang='lat'><strong>·</strong></span> <span class='ocrx_word' id='word_1_16' title='bbox 1088 960 1247 1036; x_wconf 82' lang='lat' dir='ltr'>Henrico</span> <span class='ocrx_word' id='word_1_17' title='bbox 1264 961 1309 1036; x_wconf 89' lang='lat' dir='ltr'>de</span> <span class='ocrx_word' id='word_1_18' title='bbox 1327 959 1485 1037; x_wconf 76' lang='lat' dir='ltr'><strong>Bedford</strong></span> <span class='ocrx_word' id='word_1_19' title='bbox 1500 999 1512 1020; x_wconf 89' lang='lat'><strong>·</strong></span> <span class='ocrx_word' id='word_1_20' title='bbox 1529 957 1669 1041; x_wconf 54' lang='lat' dir='ltr'>&amp;elifio</span> <span class='ocrx_word' id='word_1_21' title='bbox 1685 957 1927 1034; x_wconf 78' lang='lat' dir='ltr'>Treisdeneris</span> <span class='ocrx_word' id='word_1_22' title='bbox 1941 973 1980 1034; x_wconf 84' lang='lat' dir='ltr'>et</span> <span class='ocrx_word' id='word_1_23' title='bbox 1995 955 2117 1040; x_wconf 75' lang='lat' dir='ltr'>multis</span> <span class='ocrx_word' id='word_1_24' title='bbox 2133 955 2215 1030; x_wconf 78' lang='lat' dir='ltr'>aliis</span> <span class='ocrx_word' id='word_1_25' title='bbox 2235 995 2248 1015; x_wconf 91' lang='lat'><strong>·</strong></span> 
     </span>
    </p>
   </div>
   <div class='ocr_carea' id='block_1_3' title="bbox 811 1331 1775 1453">
    <p class='ocr_par' dir='ltr' id='par_1_3' title="bbox 811 1331 1775 1453">
     <span class='ocr_line' id='line_1_4' title="bbox 811 1331 1775 1453; baseline -0.011 -15"><span class='ocrx_word' id='word_1_26' title='bbox 811 1331 933 1438; x_wconf 64' lang='lat' dir='ltr'>Ceu</span> <span class='ocrx_word' id='word_1_27' title='bbox 948 1357 994 1432; x_wconf 58' lang='grc' dir='ltr'>αθ</span> <span class='ocrx_word' id='word_1_28' title='bbox 1012 1355 1130 1434; x_wconf 62' lang='lat' dir='ltr'>soona</span> <span class='ocrx_word' id='word_1_29' title='bbox 1145 1355 1191 1430; x_wconf 70' lang='lat' dir='ltr'>de</span> <span class='ocrx_word' id='word_1_30' title='bbox 1208 1369 1303 1430; x_wconf 67' lang='lat' dir='ltr'>em</span> <span class='ocrx_word' id='word_1_31' title='bbox 1319 1351 1491 1429; x_wconf 68' lang='lat' dir='ltr'>willelmi</span> <span class='ocrx_word' id='word_1_32' title='bbox 1505 1353 1570 1453; x_wconf 85' lang='lat' dir='ltr'>filij</span> <span class='ocrx_word' id='word_1_33' title='bbox 1590 1352 1775 1428; x_wconf 65' lang='lat' dir='ltr'>naum·</span> 
     </span>
    </p>
   </div>
   <div class='ocr_carea' id='block_1_4' title="bbox 745 1597 2416 3278">
    <p class='ocr_par' dir='ltr' id='par_1_4' title="bbox 745 1597 2416 3278">
     <span class='ocr_line' id='line_1_5' title="bbox 745 1597 2337 1716; baseline -0.006 -14"><span class='ocrx_word' id='word_1_34' title='bbox 745 1637 790 1704; x_wconf 84' lang='lat'>41</span> <span class='ocrx_word' id='word_1_35' title='bbox 813 1597 1006 1702; x_wconf 78' lang='lat' dir='ltr'>Univerus</span> <span class='ocrx_word' id='word_1_36' title='bbox 1039 1621 1154 1696; x_wconf 65' lang='lat' dir='ltr'>sunem</span> <span class='ocrx_word' id='word_1_37' title='bbox 1181 1617 1315 1700; x_wconf 68' lang='lat' dir='ltr'>(lintris</span> <span class='ocrx_word' id='word_1_38' title='bbox 1343 1614 1484 1692; x_wconf 79' lang='lat' dir='ltr'><strong>eoelefie</strong></span> <span class='ocrx_word' id='word_1_39' title='bbox 1512 1612 1596 1690; x_wconf 80' lang='lat' dir='ltr'>filiis</span> <span class='ocrx_word' id='word_1_40' title='bbox 1624 1614 1693 1690; x_wconf 83' lang='lat' dir='ltr'>hoe</span> <span class='ocrx_word' id='word_1_41' title='bbox 1716 1615 1885 1716; x_wconf 86' lang='lat' dir='ltr'>seriptum</span> <span class='ocrx_word' id='word_1_42' title='bbox 1909 1616 2034 1692; x_wconf 76' lang='lat' dir='ltr'>visuris</span> <span class='ocrx_word' id='word_1_43' title='bbox 2058 1615 2117 1691; x_wconf 81' lang='lat' dir='ltr'>vel</span> <span class='ocrx_word' id='word_1_44' title='bbox 2144 1617 2337 1692; x_wconf 79' lang='lat' dir='ltr'>audituris</span> 
     </span>
     <span class='ocr_line' id='line_1_6' title="bbox 812 1744 2335 1852; baseline -0.005 -23"><span class='ocrx_word' id='word_1_45' title='bbox 812 1755 990 1829; x_wconf 82' lang='lat' dir='ltr'>Robertue</span> <span class='ocrx_word' id='word_1_46' title='bbox 1018 1751 1076 1826; x_wconf 89' lang='lat' dir='ltr'>dei</span> <span class='ocrx_word' id='word_1_47' title='bbox 1101 1749 1216 1852; x_wconf 75' lang='lat' dir='ltr'>gretie</span> <span class='ocrx_word' id='word_1_48' title='bbox 1241 1749 1351 1824; x_wconf 78' lang='lat' dir='ltr'>ebbm</span> <span class='ocrx_word' id='word_1_49' title='bbox 1377 1747 1423 1822; x_wconf 87' lang='lat' dir='ltr'>de</span> <span class='ocrx_word' id='word_1_50' title='bbox 1451 1745 1572 1822; x_wconf 81' lang='lat' dir='ltr'><strong>Seona</strong></span> <span class='ocrx_word' id='word_1_51' title='bbox 1598 1757 1638 1822; x_wconf 82' lang='lat' dir='ltr'>et</span> <span class='ocrx_word' id='word_1_52' title='bbox 1663 1745 1818 1844; x_wconf 84' lang='lat' dir='ltr'>ejusdem</span> <span class='ocrx_word' id='word_1_53' title='bbox 1844 1744 1913 1822; x_wconf 85' lang='lat' dir='ltr'>loei</span> <span class='ocrx_word' id='word_1_54' title='bbox 1945 1760 2144 1823; x_wconf 84' lang='lat' dir='ltr'>eonuentue</span> <span class='ocrx_word' id='word_1_55' title='bbox 2177 1747 2335 1822; x_wconf 82' lang='lat' dir='ltr'>humilis</span> 
     </span>
     <span class='ocr_line' id='line_1_7' title="bbox 810 1877 2332 1960; baseline -0.003 -1"><span class='ocrx_word' id='word_1_56' title='bbox 810 1884 955 1960; x_wconf 83' lang='lat' dir='ltr'>salutem</span> <span class='ocrx_word' id='word_1_57' title='bbox 973 1885 1010 1957; x_wconf 92' lang='lat' dir='ltr'>in</span> <span class='ocrx_word' id='word_1_58' title='bbox 1027 1882 1172 1957; x_wconf 88' lang='lat' dir='ltr'>domino</span> <span class='ocrx_word' id='word_1_59' title='bbox 1189 1895 1349 1956; x_wconf 82' lang='lat' dir='ltr'>eternam</span> <span class='ocrx_word' id='word_1_60' title='bbox 1376 1917 1386 1938; x_wconf 91' lang='lat'><strong>·</strong></span> <span class='ocrx_word' id='word_1_61' title='bbox 1414 1877 1601 1952; x_wconf 80' lang='lat' dir='ltr'>Noueritis</span> <span class='ocrx_word' id='word_1_62' title='bbox 1620 1903 1686 1952; x_wconf 89' lang='lat' dir='ltr'>noe</span> <span class='ocrx_word' id='word_1_63' title='bbox 1705 1877 1887 1952; x_wconf 81' lang='lat' dir='ltr'>communi</span> <span class='ocrx_word' id='word_1_64' title='bbox 1902 1879 2068 1952; x_wconf 81' lang='lat' dir='ltr'>consensu</span> <span class='ocrx_word' id='word_1_65' title='bbox 2083 1894 2122 1955; x_wconf 81' lang='lat' dir='ltr'>et</span> <span class='ocrx_word' id='word_1_66' title='bbox 2137 1879 2332 1954; x_wconf 77' lang='lat' dir='ltr'>voluntate</span> 
     </span>
     <span class='ocr_line' id='line_1_8' title="bbox 811 2007 2327 2117; baseline -0.004 -25"><span class='ocrx_word' id='word_1_67' title='bbox 811 2014 957 2117; x_wconf 81' lang='lat' dir='ltr'>capituli</span> <span class='ocrx_word' id='word_1_68' title='bbox 980 2014 1088 2089; x_wconf 84' lang='lat' dir='ltr'>nostri</span> <span class='ocrx_word' id='word_1_69' title='bbox 1108 2011 1203 2086; x_wconf 80' lang='lat' dir='ltr'>illam</span> <span class='ocrx_word' id='word_1_70' title='bbox 1229 2009 1473 2085; x_wconf 83' lang='lat' dir='ltr'>venditionem</span> <span class='ocrx_word' id='word_1_71' title='bbox 1494 2033 1602 2107; x_wconf 81' lang='lat' dir='ltr'>quum</span> <span class='ocrx_word' id='word_1_72' title='bbox 1624 2007 1824 2083; x_wconf 72' lang='lat' dir='ltr'>willelmus</span> <span class='ocrx_word' id='word_1_73' title='bbox 1845 2007 1939 2083; x_wconf 78' lang='lat' dir='ltr'>filius</span> <span class='ocrx_word' id='word_1_74' title='bbox 1963 2009 2117 2084; x_wconf 84' lang='lat' dir='ltr'><strong>Heuoeh</strong></span> <span class='ocrx_word' id='word_1_75' title='bbox 2136 2011 2183 2085; x_wconf 86' lang='lat' dir='ltr'>de</span> <span class='ocrx_word' id='word_1_76' title='bbox 2208 2011 2327 2088; x_wconf 81' lang='lat' dir='ltr'><strong>Perth</strong></span> 
     </span>
     <span class='ocr_line' id='line_1_9' title="bbox 810 2138 2329 2246; baseline -0.003 -24"><span class='ocrx_word' id='word_1_77' title='bbox 810 2148 894 2222; x_wconf 85' lang='lat' dir='ltr'>viris</span> <span class='ocrx_word' id='word_1_78' title='bbox 927 2145 1092 2246; x_wconf 69' lang='lat' dir='ltr'>religiosis</span> <span class='ocrx_word' id='word_1_79' title='bbox 1122 2142 1243 2220; x_wconf 81' lang='lat' dir='ltr'>abbati</span> <span class='ocrx_word' id='word_1_80' title='bbox 1272 2155 1309 2216; x_wconf 80' lang='lat' dir='ltr'>et</span> <span class='ocrx_word' id='word_1_81' title='bbox 1342 2139 1536 2214; x_wconf 83' lang='lat' dir='ltr'>conuentni</span> <span class='ocrx_word' id='word_1_82' title='bbox 1569 2139 1616 2214; x_wconf 86' lang='lat' dir='ltr'>de</span> <span class='ocrx_word' id='word_1_83' title='bbox 1648 2138 1768 2214; x_wconf 76' lang='lat' dir='ltr'>Insuin</span> <span class='ocrx_word' id='word_1_84' title='bbox 1800 2140 1986 2224; x_wconf 60' lang='lat' dir='ltr'>wiffam</span> <span class='ocrx_word' id='word_1_85' title='bbox 2017 2142 2115 2220; x_wconf 81' lang='lat' dir='ltr'>fecit&#39;</span> <span class='ocrx_word' id='word_1_86' title='bbox 2134 2159 2249 2218; x_wconf 75' lang='lat' dir='ltr'>ratum</span> <span class='ocrx_word' id='word_1_87' title='bbox 2284 2157 2329 2218; x_wconf 82' lang='lat' dir='ltr'>et</span> 
     </span>
     <span class='ocr_line' id='line_1_10' title="bbox 810 2271 2329 2378; baseline -0.004 -22"><span class='ocrx_word' id='word_1_88' title='bbox 810 2283 950 2356; x_wconf 82' lang='lat' dir='ltr'>firmem</span> <span class='ocrx_word' id='word_1_89' title='bbox 974 2280 1147 2355; x_wconf 82' lang='lat' dir='ltr'>habentes</span> <span class='ocrx_word' id='word_1_90' title='bbox 1170 2273 1341 2378; x_wconf 83' lang='lat' dir='ltr'>presentis</span> <span class='ocrx_word' id='word_1_91' title='bbox 1360 2271 1481 2373; x_wconf 82' lang='lat' dir='ltr'>scripti</span> <span class='ocrx_word' id='word_1_92' title='bbox 1504 2273 1613 2346; x_wconf 85' lang='lat' dir='ltr'>nostri</span> <span class='ocrx_word' id='word_1_93' title='bbox 1636 2273 1834 2348; x_wconf 80' lang='lat' dir='ltr'>munimine</span> <span class='ocrx_word' id='word_1_94' title='bbox 1857 2275 2065 2350; x_wconf 83' lang='lat' dir='ltr'><strong>roborafl&#39;e·</strong></span> <span class='ocrx_word' id='word_1_95' title='bbox 2099 2274 2258 2351; x_wconf 84' lang='lat' dir='ltr'>volentes</span> <span class='ocrx_word' id='word_1_96' title='bbox 2284 2292 2329 2350; x_wconf 85' lang='lat' dir='ltr'>et</span> 
     </span>
     <span class='ocr_line' id='line_1_11' title="bbox 810 2395 2416 2508; baseline -0.003 -21"><span class='ocrx_word' id='word_1_97' title='bbox 810 2411 1044 2488; x_wconf 81' lang='lat' dir='ltr'>coneedentes</span> <span class='ocrx_word' id='word_1_98' title='bbox 1071 2407 1169 2508; x_wconf 86' lang='lat' dir='ltr'>quod</span> <span class='ocrx_word' id='word_1_99' title='bbox 1196 2406 1280 2481; x_wconf 70' lang='lat' dir='ltr'>diei</span> <span class='ocrx_word' id='word_1_100' title='bbox 1306 2405 1416 2481; x_wconf 78' lang='lat' dir='ltr'><strong>ebbne</strong></span> <span class='ocrx_word' id='word_1_101' title='bbox 1443 2419 1482 2480; x_wconf 79' lang='lat' dir='ltr'>et</span> <span class='ocrx_word' id='word_1_102' title='bbox 1509 2419 1707 2478; x_wconf 80' lang='lat' dir='ltr'>conuentus</span> <span class='ocrx_word' id='word_1_103' title='bbox 1739 2403 1869 2480; x_wconf 55' lang='lat' dir='ltr'>dimum</span> <span class='ocrx_word' id='word_1_104' title='bbox 1902 2420 2034 2482; x_wconf 81' lang='lat' dir='ltr'>terram</span> <span class='ocrx_word' id='word_1_105' title='bbox 2066 2395 2112 2480; x_wconf 79' lang='lat' dir='ltr'>de</span> <span class='ocrx_word' id='word_1_106' title='bbox 2144 2406 2251 2482; x_wconf 82' lang='lat' dir='ltr'>nobis</span> <span class='ocrx_word' id='word_1_107' title='bbox 2281 2419 2328 2482; x_wconf 82' lang='lat' dir='ltr'>et</span> <span class='ocrx_word' id='word_1_108' title='bbox 2412 2403 2416 2408; x_wconf 70' lang='grc'>’</span> 
     </span>
     <span class='ocr_line' id='line_1_12' title="bbox 810 2534 2326 2639; baseline -0.004 -21"><span class='ocrx_word' id='word_1_109' title='bbox 810 2543 1057 2620; x_wconf 81' lang='lat' dir='ltr'>sueeefforibue</span> <span class='ocrx_word' id='word_1_110' title='bbox 1080 2537 1205 2616; x_wconf 78' lang='lat' dir='ltr'>nostris</span> <span class='ocrx_word' id='word_1_111' title='bbox 1230 2538 1266 2614; x_wconf 90' lang='lat' dir='ltr'>in</span> <span class='ocrx_word' id='word_1_112' title='bbox 1293 2551 1507 2638; x_wconf 81' lang='lat' dir='ltr'>perpetuum</span> <span class='ocrx_word' id='word_1_113' title='bbox 1531 2534 1641 2610; x_wconf 82' lang='lat' dir='ltr'><strong>libere</strong></span> <span class='ocrx_word' id='word_1_114' title='bbox 1662 2551 1700 2612; x_wconf 86' lang='lat' dir='ltr'>et</span> <span class='ocrx_word' id='word_1_115' title='bbox 1723 2537 1843 2636; x_wconf 80' lang='lat' dir='ltr'>quiete</span> <span class='ocrx_word' id='word_1_116' title='bbox 1867 2551 2014 2614; x_wconf 76' lang='lat' dir='ltr'>teneant</span> <span class='ocrx_word' id='word_1_117' title='bbox 2038 2552 2076 2615; x_wconf 83' lang='lat' dir='ltr'>et</span> <span class='ocrx_word' id='word_1_118' title='bbox 2096 2539 2326 2639; x_wconf 83' lang='lat' dir='ltr'><strong>poffideent·</strong></span> 
     </span>
     <span class='ocr_line' id='line_1_13' title="bbox 810 2667 2327 2769; baseline -0.002 -20"><span class='ocrx_word' id='word_1_119' title='bbox 810 2675 972 2750; x_wconf 79' lang='lat' dir='ltr'>faciendo</span> <span class='ocrx_word' id='word_1_120' title='bbox 1005 2671 1108 2748; x_wconf 80' lang='lat' dir='ltr'>nobis</span> <span class='ocrx_word' id='word_1_121' title='bbox 1126 2671 1233 2746; x_wconf 59' lang='lat' dir='ltr'>videm</span> <span class='ocrx_word' id='word_1_122' title='bbox 1257 2668 1442 2744; x_wconf 78' lang='lat' dir='ltr'>senueium</span> <span class='ocrx_word' id='word_1_123' title='bbox 1467 2667 1564 2768; x_wconf 89' lang='lat' dir='ltr'>quod</span> <span class='ocrx_word' id='word_1_124' title='bbox 1587 2667 1745 2769; x_wconf 81' lang='lat' dir='ltr'>prefatus</span> <span class='ocrx_word' id='word_1_125' title='bbox 1770 2667 1971 2745; x_wconf 76' lang='lat' dir='ltr'>Willelmus</span> <span class='ocrx_word' id='word_1_126' title='bbox 1996 2671 2113 2746; x_wconf 77' lang='lat' dir='ltr'><strong>faeere</strong></span> <span class='ocrx_word' id='word_1_127' title='bbox 2139 2670 2327 2748; x_wconf 83' lang='lat' dir='ltr'>consueuit</span> 
     </span>
     <span class='ocr_line' id='line_1_14' title="bbox 811 2798 2326 2901; baseline -0.004 -19"><span class='ocrx_word' id='word_1_128' title='bbox 811 2807 939 2884; x_wconf 81' lang='lat' dir='ltr'>scilieet</span> <span class='ocrx_word' id='word_1_129' title='bbox 956 2803 1139 2880; x_wconf 86' lang='lat' dir='ltr'><strong>reddendo</strong></span> <span class='ocrx_word' id='word_1_130' title='bbox 1155 2801 1258 2876; x_wconf 80' lang='lat' dir='ltr'>nobie</span> <span class='ocrx_word' id='word_1_131' title='bbox 1275 2801 1433 2901; x_wconf 87' lang='lat' dir='ltr'>quinque</span> <span class='ocrx_word' id='word_1_132' title='bbox 1448 2798 1574 2876; x_wconf 76' lang='lat' dir='ltr'>solidos</span> <span class='ocrx_word' id='word_1_133' title='bbox 1591 2800 1776 2874; x_wconf 81' lang='lat' dir='ltr'>annuatim</span> <span class='ocrx_word' id='word_1_134' title='bbox 1792 2801 2021 2878; x_wconf 72' lang='lat' dir='ltr'>medietatem</span> <span class='ocrx_word' id='word_1_135' title='bbox 2036 2803 2084 2881; x_wconf 81' lang='lat' dir='ltr'>ad</span> <span class='ocrx_word' id='word_1_136' title='bbox 2096 2803 2326 2880; x_wconf 80' lang='lat' dir='ltr'>Pentieosten</span> 
     </span>
     <span class='ocr_line' id='line_1_15' title="bbox 810 2932 2323 3034; baseline -0.001 -22"><span class='ocrx_word' id='word_1_137' title='bbox 810 2955 847 3017; x_wconf 83' lang='lat' dir='ltr'>et</span> <span class='ocrx_word' id='word_1_138' title='bbox 877 2937 1104 3013; x_wconf 75' lang='lat' dir='ltr'>medietatem</span> <span class='ocrx_word' id='word_1_139' title='bbox 1130 2935 1178 3010; x_wconf 78' lang='lat' dir='ltr'>ed</span> <span class='ocrx_word' id='word_1_140' title='bbox 1202 2933 1331 3010; x_wconf 81' lang='lat' dir='ltr'>festum</span> <span class='ocrx_word' id='word_1_141' title='bbox 1357 2933 1455 3008; x_wconf 84' lang='lat' dir='ltr'><strong>beati</strong></span> <span class='ocrx_word' id='word_1_142' title='bbox 1480 2932 1632 3015; x_wconf 64' lang='lat' dir='ltr'>martini</span> <span class='ocrx_word' id='word_1_143' title='bbox 1657 2959 1723 3034; x_wconf 88' lang='lat' dir='ltr'>pro</span> <span class='ocrx_word' id='word_1_144' title='bbox 1748 2933 1845 3008; x_wconf 89' lang='lat' dir='ltr'>omni</span> <span class='ocrx_word' id='word_1_145' title='bbox 1871 2935 2021 3010; x_wconf 86' lang='lat' dir='ltr'>seruieio</span> <span class='ocrx_word' id='word_1_146' title='bbox 2047 2935 2192 3010; x_wconf 83' lang='lat' dir='ltr'>seculari</span> <span class='ocrx_word' id='word_1_147' title='bbox 2224 2935 2323 3012; x_wconf 82' lang='lat' dir='ltr'>seluo</span> 
     </span>
     <span class='ocr_line' id='line_1_16' title="bbox 810 3066 2322 3167; baseline 0.002 -22"><span class='ocrx_word' id='word_1_148' title='bbox 810 3071 979 3148; x_wconf 80' lang='lat' dir='ltr'>forinseco</span> <span class='ocrx_word' id='word_1_149' title='bbox 996 3067 1140 3144; x_wconf 85' lang='lat' dir='ltr'>semicio</span> <span class='ocrx_word' id='word_1_150' title='bbox 1157 3066 1295 3142; x_wconf 89' lang='lat' dir='ltr'>domini</span> <span class='ocrx_word' id='word_1_151' title='bbox 1312 3066 1426 3167; x_wconf 82' lang='lat' dir='ltr'><strong>Regis</strong></span> <span class='ocrx_word' id='word_1_152' title='bbox 1454 3109 1463 3124; x_wconf 93' lang='lat'><strong>·</strong></span> <span class='ocrx_word' id='word_1_153' title='bbox 1490 3066 1541 3141; x_wconf 81' lang='lat' dir='ltr'>Et</span> <span class='ocrx_word' id='word_1_154' title='bbox 1556 3093 1622 3141; x_wconf 80' lang='lat' dir='ltr'>noe</span> <span class='ocrx_word' id='word_1_155' title='bbox 1638 3067 1832 3167; x_wconf 63' lang='lat' dir='ltr'>predieiam</span> <span class='ocrx_word' id='word_1_156' title='bbox 1848 3080 1979 3144; x_wconf 82' lang='lat' dir='ltr'><strong>terrem</strong></span> <span class='ocrx_word' id='word_1_157' title='bbox 1995 3069 2125 3144; x_wconf 86' lang='lat' dir='ltr'>eisdem</span> <span class='ocrx_word' id='word_1_158' title='bbox 2143 3071 2266 3147; x_wconf 80' lang='lat' dir='ltr'>abbati</span> <span class='ocrx_word' id='word_1_159' title='bbox 2282 3086 2322 3148; x_wconf 79' lang='lat' dir='ltr'>et</span> 
     </span>
     <span class='ocr_line' id='line_1_17' title="bbox 812 3195 2322 3278; baseline 0 0"><span class='ocrx_word' id='word_1_160' title='bbox 812 3201 1007 3278; x_wconf 86' lang='lat' dir='ltr'>conuentui</span> <span class='ocrx_word' id='word_1_161' title='bbox 1035 3213 1160 3274; x_wconf 79' lang='lat' dir='ltr'>eontra</span> <span class='ocrx_word' id='word_1_162' title='bbox 1188 3222 1312 3274; x_wconf 85' lang='lat' dir='ltr'>omnes</span> <span class='ocrx_word' id='word_1_163' title='bbox 1338 3195 1503 3272; x_wconf 78' lang='lat' dir='ltr'>homines</span> <span class='ocrx_word' id='word_1_164' title='bbox 1530 3197 1865 3274; x_wconf 78' lang='lat' dir='ltr'>warrantizabimus</span> <span class='ocrx_word' id='word_1_165' title='bbox 1890 3213 1929 3274; x_wconf 82' lang='lat' dir='ltr'>et</span> <span class='ocrx_word' id='word_1_166' title='bbox 1960 3200 2194 3278; x_wconf 79' lang='lat' dir='ltr'><strong>defendemus</strong></span> <span class='ocrx_word' id='word_1_167' title='bbox 2229 3244 2237 3261; x_wconf 94' lang='lat'><strong>·</strong></span> <span class='ocrx_word' id='word_1_168' title='bbox 2272 3203 2322 3278; x_wconf 92' lang='lat' dir='ltr'>In</span> 
     </span>
    </p>
   </div>
   <div class='ocr_carea' id='block_1_5' title="bbox 812 3329 2320 3568">
    <p class='ocr_par' dir='ltr' id='par_1_5' title="bbox 812 3329 2320 3568">
     <span class='ocr_line' id='line_1_18' title="bbox 812 3329 2320 3436; baseline 0 -23"><span class='ocrx_word' id='word_1_169' title='bbox 812 3337 913 3436; x_wconf 81' lang='lat' dir='ltr'>eujus</span> <span class='ocrx_word' id='word_1_170' title='bbox 932 3333 986 3411; x_wconf 89' lang='lat' dir='ltr'>rei</span> <span class='ocrx_word' id='word_1_171' title='bbox 1011 3331 1251 3409; x_wconf 83' lang='lat' dir='ltr'>testimonium</span> <span class='ocrx_word' id='word_1_172' title='bbox 1275 3329 1344 3407; x_wconf 85' lang='lat' dir='ltr'>hoe</span> <span class='ocrx_word' id='word_1_173' title='bbox 1368 3329 1537 3431; x_wconf 80' lang='lat' dir='ltr'>seriptum</span> <span class='ocrx_word' id='word_1_174' title='bbox 1560 3329 1672 3433; x_wconf 71' lang='lat' dir='ltr'>sigillo</span> <span class='ocrx_word' id='word_1_175' title='bbox 1696 3333 1813 3408; x_wconf 82' lang='lat' dir='ltr'>nostro</span> <span class='ocrx_word' id='word_1_176' title='bbox 1838 3335 2021 3411; x_wconf 83' lang='lat' dir='ltr'>communi</span> <span class='ocrx_word' id='word_1_177' title='bbox 2044 3336 2320 3413; x_wconf 78' lang='lat' dir='ltr'>roborauimus·</span> 
     </span>
     <span class='ocr_line' id='line_1_19' title="bbox 813 3466 1122 3568; baseline -0.026 -21"><span class='ocrx_word' id='word_1_178' title='bbox 813 3470 919 3547; x_wconf 75' lang='lat' dir='ltr'>Teste</span> <span class='ocrx_word' id='word_1_179' title='bbox 936 3466 1094 3568; x_wconf 80' lang='lat' dir='ltr'>capitulo</span> <span class='ocrx_word' id='word_1_180' title='bbox 1113 3508 1122 3527; x_wconf 92' lang='lat'><strong>·</strong></span> 
     </span>
    </p>
   </div>
   <div class='ocr_carea' id='block_1_6' title="bbox 818 3799 1616 3939">
    <p class='ocr_par' dir='ltr' id='par_1_6' title="bbox 818 3799 1616 3939">
     <span class='ocr_line' id='line_1_20' title="bbox 818 3799 1616 3939; baseline -0.005 0"><span class='ocrx_word' id='word_1_181' title='bbox 818 3834 940 3939; x_wconf 68' lang='lat' dir='ltr'><strong>Care</strong></span> <span class='ocrx_word' id='word_1_182' title='bbox 957 3799 1128 3937; x_wconf 65' lang='lat' dir='ltr'>wilelmi</span> <span class='ocrx_word' id='word_1_183' title='bbox 1144 3859 1190 3935; x_wconf 74' lang='lat' dir='ltr'>de</span> <span class='ocrx_word' id='word_1_184' title='bbox 1206 3856 1398 3935; x_wconf 61' lang='lat' dir='ltr'>neuere</span> <span class='ocrx_word' id='word_1_185' title='bbox 1414 3859 1460 3936; x_wconf 66' lang='grc' dir='ltr'>(ιο</span> <span class='ocrx_word' id='word_1_186' title='bbox 1476 3806 1616 3937; x_wconf 69' lang='lat' dir='ltr'>pern·</span> 
     </span>
    </p>
   </div>
   <div class='ocr_carea' id='block_1_7' title="bbox 750 4096 2318 4620">
    <p class='ocr_par' dir='ltr' id='par_1_7' title="bbox 750 4096 2318 4620">
     <span class='ocr_line' id='line_1_21' title="bbox 750 4096 2317 4226; baseline 0 -25"><span class='ocrx_word' id='word_1_187' title='bbox 750 4128 798 4201; x_wconf 83' lang='lat'>42</span> <span class='ocrx_word' id='word_1_188' title='bbox 817 4096 1013 4199; x_wconf 83' lang='lat' dir='ltr'>Omnibus</span> <span class='ocrx_word' id='word_1_189' title='bbox 1029 4121 1099 4197; x_wconf 85' lang='lat' dir='ltr'>hoe</span> <span class='ocrx_word' id='word_1_190' title='bbox 1114 4121 1283 4224; x_wconf 80' lang='lat' dir='ltr'>scriptum</span> <span class='ocrx_word' id='word_1_191' title='bbox 1298 4119 1420 4199; x_wconf 75' lang='lat' dir='ltr'>visuris</span> <span class='ocrx_word' id='word_1_192' title='bbox 1431 4117 1490 4196; x_wconf 84' lang='lat' dir='ltr'>vel</span> <span class='ocrx_word' id='word_1_193' title='bbox 1500 4119 1674 4197; x_wconf 79' lang='lat' dir='ltr'>audituris</span> <span class='ocrx_word' id='word_1_194' title='bbox 1685 4119 1862 4197; x_wconf 80' lang='lat' dir='ltr'>Ricardus</span> <span class='ocrx_word' id='word_1_195' title='bbox 1873 4120 1920 4196; x_wconf 90' lang='lat' dir='ltr'>de</span> <span class='ocrx_word' id='word_1_196' title='bbox 1927 4119 2131 4224; x_wconf 77' lang='lat' dir='ltr'>Leyeestuiu</span> <span class='ocrx_word' id='word_1_197' title='bbox 2138 4126 2317 4226; x_wconf 79' lang='lat' dir='ltr'>burgenfis</span> 
     </span>
     <span class='ocr_line' id='line_1_22' title="bbox 815 4251 2317 4359; baseline 0.001 -28"><span class='ocrx_word' id='word_1_198' title='bbox 815 4256 861 4331; x_wconf 91' lang='lat' dir='ltr'>de</span> <span class='ocrx_word' id='word_1_199' title='bbox 882 4253 994 4331; x_wconf 83' lang='lat' dir='ltr'><strong>Perth</strong></span> <span class='ocrx_word' id='word_1_200' title='bbox 1016 4270 1178 4333; x_wconf 80' lang='lat' dir='ltr'>eternum</span> <span class='ocrx_word' id='word_1_201' title='bbox 1197 4254 1237 4334; x_wconf 89' lang='lat' dir='ltr'>in</span> <span class='ocrx_word' id='word_1_202' title='bbox 1255 4253 1407 4333; x_wconf 87' lang='lat' dir='ltr'>domino.</span> <span class='ocrx_word' id='word_1_203' title='bbox 1420 4252 1571 4337; x_wconf 73' lang='lat' dir='ltr'>,sulutem</span> <span class='ocrx_word' id='word_1_204' title='bbox 1597 4294 1608 4314; x_wconf 91' lang='lat'><strong>·</strong></span> <span class='ocrx_word' id='word_1_205' title='bbox 1632 4251 1789 4331; x_wconf 84' lang='lat' dir='ltr'>Nouerit</span> <span class='ocrx_word' id='word_1_206' title='bbox 1814 4252 2019 4331; x_wconf 77' lang='lat' dir='ltr'>vniuerfitas</span> <span class='ocrx_word' id='word_1_207' title='bbox 2039 4257 2153 4333; x_wconf 80' lang='lat' dir='ltr'><strong>vestre</strong></span> <span class='ocrx_word' id='word_1_208' title='bbox 2173 4284 2232 4333; x_wconf 88' lang='lat' dir='ltr'>me</span> <span class='ocrx_word' id='word_1_209' title='bbox 2252 4283 2317 4359; x_wconf 79' lang='lat' dir='ltr'>pm</span> 
     </span>
     <span class='ocr_line' id='line_1_23' title="bbox 815 4382 2318 4479; baseline 0.001 -15"><span class='ocrx_word' id='word_1_210' title='bbox 815 4382 925 4464; x_wconf 78' lang='lat' dir='ltr'>salute</span> <span class='ocrx_word' id='word_1_211' title='bbox 946 4386 1065 4464; x_wconf 78' lang='lat' dir='ltr'>anime</span> <span class='ocrx_word' id='word_1_212' title='bbox 1088 4401 1234 4471; x_wconf 52' lang='lat' dir='ltr'>meoet)</span> <span class='ocrx_word' id='word_1_213' title='bbox 1248 4386 1505 4470; x_wconf 79' lang='lat' dir='ltr'>unteeefforum</span> <span class='ocrx_word' id='word_1_214' title='bbox 1527 4410 1689 4462; x_wconf 89' lang='lat' dir='ltr'>meorum</span> <span class='ocrx_word' id='word_1_215' title='bbox 1712 4384 1843 4473; x_wconf 81' lang='lat' dir='ltr'>dedifl&#39;e</span> <span class='ocrx_word' id='word_1_216' title='bbox 1862 4386 2054 4464; x_wconf 83' lang='lat' dir='ltr'>eoneessiffe</span> <span class='ocrx_word' id='word_1_217' title='bbox 2076 4401 2114 4463; x_wconf 85' lang='lat' dir='ltr'>et</span> <span class='ocrx_word' id='word_1_218' title='bbox 2132 4387 2200 4465; x_wconf 80' lang='lat' dir='ltr'>hue</span> <span class='ocrx_word' id='word_1_219' title='bbox 2221 4404 2318 4479; x_wconf 70' lang='lat' dir='ltr'>emta</span> 
     </span>
     <span class='ocr_line' id='line_1_24' title="bbox 817 4516 2316 4620; baseline 0.003 -29"><span class='ocrx_word' id='word_1_220' title='bbox 817 4542 898 4593; x_wconf 83' lang='lat' dir='ltr'>mee</span> <span class='ocrx_word' id='word_1_221' title='bbox 918 4518 1135 4597; x_wconf 77' lang='lat' dir='ltr'>confirmaffe</span> <span class='ocrx_word' id='word_1_222' title='bbox 1157 4517 1225 4595; x_wconf 84' lang='lat' dir='ltr'>deo</span> <span class='ocrx_word' id='word_1_223' title='bbox 1250 4533 1287 4595; x_wconf 87' lang='lat' dir='ltr'>et</span> <span class='ocrx_word' id='word_1_224' title='bbox 1307 4519 1411 4597; x_wconf 78' lang='lat' dir='ltr'><strong>beate</strong></span> <span class='ocrx_word' id='word_1_225' title='bbox 1437 4517 1555 4603; x_wconf 63' lang='lat' dir='ltr'>&amp;imie</span> <span class='ocrx_word' id='word_1_226' title='bbox 1583 4531 1621 4593; x_wconf 82' lang='lat' dir='ltr'>et</span> <span class='ocrx_word' id='word_1_227' title='bbox 1646 4517 1751 4594; x_wconf 82' lang='lat' dir='ltr'><strong>beato</strong></span> <span class='ocrx_word' id='word_1_228' title='bbox 1777 4516 1935 4595; x_wconf 79' lang='lat' dir='ltr'>Johanni</span> <span class='ocrx_word' id='word_1_229' title='bbox 1960 4516 2116 4620; x_wconf 77' lang='lat' dir='ltr'>apostolo</span> <span class='ocrx_word' id='word_1_230' title='bbox 2142 4533 2179 4598; x_wconf 84' lang='lat' dir='ltr'>et</span> <span class='ocrx_word' id='word_1_231' title='bbox 2206 4547 2316 4597; x_wconf 84' lang='lat' dir='ltr'>euan-</span> 
     </span>
    </p>
   </div>
   <div class='ocr_carea' id='block_1_8' title="bbox 0 0 2878 6692">
    <p class='ocr_par' dir='ltr' id='par_1_8' title="bbox 0 0 2878 6692">
     <span class='ocr_line' id='line_1_25' title="bbox 0 0 2878 6692; baseline 0 0"><span class='ocrx_word' id='word_1_232' title='bbox 0 0 2878 6692; x_wconf 95' lang='lat' dir='ltr'> </span> 
     </span>
    </p>
   </div>
  </div>
 </body>
</html>
