5734 6700
781 745 831 819 66
1354 739 1715 820 REGISTRUM

779 999 896 1050 mecm
929 971 1029 1076 ligilli
1060 973 1133 1048 mei
1165 973 1388 1075 imprellione
1421 974 1588 1050 roborsui
1622 1017 1632 1036 ·
1667 975 1754 1076 Hijs
1783 976 1931 1052 testibus
1958 979 2123 1080 magistre
2152 979 2294 1056 Thema

779 1107 914 1182 decano
928 1105 1069 1182 ecclelie
1081 1105 1348 1182 Dunblsnenfis
1367 1149 1376 1166 ·
1394 1105 1548 1182 dominis
1566 1107 1603 1184 G
1623 1149 1633 1167 ·
1650 1122 1687 1182 et
1705 1107 1730 1184 J
1748 1148 1758 1168 ·
1776 1107 1822 1184 de
1835 1106 1975 1211 (lumri¹
1988 1111 2082 1188 etde
2098 1111 2265 1215 Buffydir
2281 1154 2292 1174 ·

778 1239 924 1316 dominc
946 1239 1124 1324 &lauricio
1147 1237 1330 1342 capellano
1352 1253 1439 1314 tunc
1461 1239 1605 1315 maioris
1621 1239 1792 1316 comitifl'e
1807 1240 1854 1318 de
1871 1239 2085 1345 Strutheryn
2104 1287 2112 1304 ·
2132 1245 2292 1323 Henrico

777 1371 851 1448 6116
878 1371 1061 1458 malcolmi
1078 1415 1089 1434 ·
1107 1372 1283 1458 mauricio
1300 1371 1392 1448 (11616
1412 1371 1520 1472 Kuyc
1537 1413 1546 1431 ·
1568 1371 1680 1448 Petro
1696 1371 1789 1448 (1166
1806 1372 1963 1451 Perkere
1981 1418 1991 1435 ·
2008 1375 2113 1477 Veig
2129 1375 2229 1455 febro
2245 1377 2292 1452 de

780 1503 984 1605 Streuellyn
1001 1544 1012 1567 ·
1030 1503 1175 1606 Rogero
1191 1503 1286 1580 (11616
1303 1503 1349 1580 (16
1365 1502 1568 1604 Duufallyn
1584 1519 1621 1579 et
1637 1503 1760 1580 multis
1775 1505 1855 1608 ulijs
1872 1546 1882 1566 ·

780 1873 1574 1978 Cartadedeeemacrisinvilladedad·

711 2163 758 2243 67
783 2143 951 2246 Seuerus
990 2166 1036 2241 de
1071 2163 1219 2265 Quincy
1252 2189 1373 2240 comes
1406 2163 1593 2240 Wintenie
1632 2164 1800 2240 omnibus
1841 2165 1972 2242 Christi
2012 2164 2177 2242 fidelibus
2218 2166 2287 2242 hoc

774 2299 946 2402 scriptum
965 2298 1088 2374 visuris
1110 2296 1168 2373 vel
1189 2297 1365 2374 audituris
1386 2295 1535 2372 sulutem
1562 2339 1571 2358 ·
1597 2297 1753 2374 Nouerit
1775 2299 1980 2376 vniuerlites
2003 2299 2116 2376 vestre
2140 2325 2197 2375 me
2221 2325 2288 2399 pro

775 2433 886 2509 salute
915 2457 997 2508 mee
1025 2444 1063 2508 61
1091 2431 1349 2508 antecellorum
1377 2455 1539 2506 meorum
1568 2431 1699 2506 dedifi'e
1726 2432 2006 2508 ctccnfirmuffe
2032 2431 2225 2533 inpurum
2250 2447 2288 2507 61

773 2577 984 2666 perpetuum
1009 2561 1233 2640 clemolinsm
1258 2560 1343 2638 Deo
1368 2577 1405 2638 61
1428 2563 1535 2640 beate
1558 2563 1678 2647 1116616
1706 2577 1744 2639 61
1771 2561 1913 2640 6661666
1942 2563 1988 2639 (16
2017 2563 2221 2664 1661616611
2248 2579 2286 2639 61

773 2701 952 2779 canonicis
975 2699 1108 2777 ibidem
1125 2698 1210 2776 Deo
1226 2699 1462 2776 seruientibus
1487 2699 1612 2774 decem
1633 2721 1734 2772 acres
1749 2709 1843 2771 terre
1867 2695 1906 2768 iu
1928 2695 2105 2771 territorio
2121 2697 2167 2772 (16
2184 2695 2284 2772 Gau

771 2833 849 2908 11166
872 2833 1003 2909 16111661
1031 2832 1157 2908 decem
1180 2856 1280 2908 ecres
1305 2856 1394 2930 quas
1419 2828 1621 2906 Willelmue
1644 2829 1691 2903 de
1716 2826 1860 2904 Selfurd
1890 2825 2095 2902 senescallus
2119 2854 2222 2904 meus
2246 2843 2283 2903 et

770 2963 973 3041 willelmus
995 2963 1041 3038 de
1063 2961 1181 3038 Fored
1204 2975 1241 3037 61
1267 2959 1471 3036 Willelmus
1489 2960 1638 3036 clericus
1659 2958 1880 3043 6161611666
1901 2955 1936 3033 le
1958 2961 2043 3041 (Iler
2064 2956 2135 3059 [et]
2158 2959 2281 3034 Adam

771 3095 890 3170 Rufus
911 3093 1252 3197 perambulsuerunt
1269 3095 1320 3168 eis
1337 3119 1402 3194 per
1419 3102 1630 3193 preceptum
1648 3117 1771 3166 meum
1790 3090 1972 3166 habendas
1989 3101 2027 3166 61
2042 3091 2217 3166 tenendas
2239 3092 2279 3166 16

769 3239 984 3328 perpetuum
1006 3225 1115 3302 libere
1132 3238 1170 3301 61
1189 3224 1309 3325 quiete
1324 3226 1370 3300 eb
1387 3225 1487 3300 omui
1510 3220 1656 3300 seculari
1687 3221 1833 3298 seruicic
1863 3237 1901 3298 61
1930 3221 2114 3298 6661111666
2144 3265 2153 3282 ·
2179 3221 2279 3298 Dedi

770 3356 879 3435 etiem
903 3354 954 3429 eis
983 3356 1161 3456 pasturam
1187 3354 1311 3430 decem
1332 3381 1521 3431 vaccarum
1544 3355 1583 3429 in
1607 3354 1790 3429 communi
1814 3356 1957 3456 pastura
1984 3355 2153 3432 (16116111
2177 3371 2214 3432 et
2239 3372 2278 3432 (1

769 3490 836 3565 hec
862 3512 943 3564 mee
968 3484 1114 3561 donatio
1135 3498 1219 3561 sata
1243 3500 1280 3561 61
1296 3486 1498 3563 1666666116
1517 3498 1726 3587 permaneat
1745 3511 1825 3561 eam
1844 3486 1945 3589 ugffli
1964 3488 2037 3562 mei
2060 3488 2277 3589 eppcfitione

769 3618 935 3697 roboraui
962 3659 970 3678 ·
1000 3615 1195 3694 Sciendum
1212 3616 1321 3692 etiam
1338 3618 1437 3716 qued
1457 3616 1526 3693 hec
1539 3615 1700 3718 predicis
1714 3617 1800 3695 dedi
1816 3618 1870 3694 eis
1886 3619 1925 3694 iu
1941 3619 2154 3696 escambium
2171 3663 2182 3681 ·
2198 3622 2245 3720 vij
2266 3664 2275 3683 ·

769 3778 930 3829 acrarum
948 3764 1042 3826 terre
1058 3774 1146 3850 ques
1163 3746 1260 3824 idem
1276 3748 1441 3825 canonici
1457 3747 1793 3851 calumpniauerunt
1804 3751 1924 3827 versus
1940 3777 1998 3827 me
2015 3791 2025 3812 ·
2044 3750 2116 3827 His
2133 3752 2276 3829 testibus
