5734 6700
765 961 829 1028 xliv
1383 957 1657 1026 Arrunmx.

765 1177 850 1252 here
860 1173 1064 1276 engroeeed‚
1077 1173 1165 1250 Earl
1177 1173 1218 1252 os
1225 1173 1287 1250 the
1300 1171 1488 1250 Earldome
1497 1175 1539 1251 os
1550 1173 1773 1268 Stratheme,
1785 1175 1986 1270 Caithneee,
1996 1178 2070 1253 and
2082 1177 2272 1284 Orkney‚)

766 1309 817 1408 by
829 1305 948 1382 which
963 1305 1010 1382 he
1025 1307 1177 1408 granted
1193 1321 1233 1382 to
1244 1303 1407 1382 Willinm
1422 1305 1509 1381 Earl
1525 1307 1568 1382 os
1584 1307 1691 1396 Rana,
1708 1307 1773 1383 the
1787 1309 1963 1411 marriage
1979 1308 2084 1384 oshie
2098 1309 2278 1412 daughter

767 1437 899 1534 Isabel,
922 1439 995 1544 (by
1018 1441 1074 1515 hin
1093 1439 1176 1516 vise
1198 1437 1400 1540 Marjory,)
1424 1437 1606 1540 deularing
1628 1437 1694 1516 her
1713 1437 1772 1513 hin
1792 1439 1872 1514 heir
1893 1441 1935 1516 os
1955 1440 2017 1516 the
2043 1440 2219 1518 Earldom
2240 1442 2283 1518 os

768 1571 970 1665 Gaithneee,
983 1571 1109 1673 sailing
1128 1597 1177 1646 an
1199 1569 1277 1646 heir
1295 1569 1387 1646 male
1408 1571 1450 1645 os
1468 1568 1532 1645 the
1546 1571 1721 1672 marriage
1736 1571 1778 1646 es
1797 1571 1860 1647 the
1875 1572 1955 1647 eald
1971 1571 2060 1648 Earl
2076 1572 2188 1648 Malia
2202 1574 2278 1648 aad

767 1705 941 1807 Marjory.
992 1703 1046 1780 At
1063 1705 1266 1790 Invernese,
1286 1709 1309 1779 8
1329 1701 1421 1806 May
1440 1707 1550 1778 1334.

772 2073 961 2176 Venutio
985 2099 1105 2176 warde
1135 2112 1172 2174 et
1195 2097 1318 2174 anve
1344 2096 1515 2173 unani
1538 2097 1586 2174 (ιο
1609 2096 1774 2181 amu
1802 2098 1849 2174 (ιο
1874 2098 2095 2202 Talibudyn
2126 2143 2136 2160 ·
2173 2102 2276 2196 ona.

769 2237 810 2308 in
827 2232 987 2310 archivii
1002 2233 1176 2310 Ducam
1191 2235 1235 2308 da
1252 2233 1375 2308 Atlol.

696 2495 743 2577 27
772 2471 910 2574 Puteal
931 2473 1039 2572 milis
1066 2521 1091 2597 p
1116 2480 1255 2598 {slantes
1271 2521 1337 2572 nos
1353 2493 1556 2571 lohannem
1577 2493 1623 2570 de
1643 2494 1833 2578 weneloth
1848 2493 2091 2571 vieeeomitem
2112 2495 2158 2572 de
2180 2493 2277 2570 dau·

770 2655 922 2706 manaae
937 2630 1082 2732 prorsus
1098 2643 1136 2704 el
1151 2627 1262 2705 libere
1278 2627 1470 2704 vendidisse
1486 2625 1644 2702 Johanni
1655 2627 2148 2725 mereerburgensdePerth
2158 2640 2278 2704 totum

770 2763 826 2838 ius
842 2775 881 2839 et
897 2759 1071 2838 alamenm
1088 2761 1184 2862 quod
1201 2759 1391 2836 habuimus
1407 2757 1466 2834 vel
1480 2758 1612 2834 habere
1628 2756 1825 2858 poterimus
1840 2757 1879 2830 in
1895 2757 2044 2832 Wardie
2058 2785 2125 2835 eeu
2139 2757 2279 2834 relevi'n

771 2907 945 2970 lemarum
967 2891 1105 2968 domini
1128 2890 1298 2968 Willelmi
1321 2892 1367 2968 de
1389 2890 1560 2976 momnis
1581 2889 1717 2964 domini
1735 2890 1783 2964 de
1805 2888 2002 2990 Tolibardy
2019 2885 2115 2966 datii
2136 2905 2175 2967 et
2190 2917 2278 2967 een-

772 3027 868 3102 eeffie
884 3023 986 3102 nobie
1002 3049 1067 3124 per
1083 3022 1304 3100 willelmum
1320 3023 1486 3100 comitem
1502 3023 1550 3098 de
1562 3019 1802 3122 Sotheyrland
1814 3035 1853 3098 et
1868 3021 2051 3098 dominam
2069 3021 2099 3097 J
2099 3022 2278 3099 ohannau

773 3155 980 3232 comitissam
995 3155 1153 3252 sponsam
1170 3181 1272 3230 auam
1289 3155 1497 3232 comitissam
1514 3154 1679 3231 uideliuet
1698 3155 1744 3229 (le
1766 3153 1982 3256 Stratheryn
2004 3182 2077 3232 vna
2094 3182 2177 3232 eum
2201 3156 2277 3231 iure

773 3285 870 3388 quod
892 3285 1083 3363 habuimus
1105 3285 1143 3361 in
1165 3311 1286 3362 annuo
1304 3285 1448 3363 redditu
1470 3281 1517 3362 de
1539 3285 1673 3388 Pytver
1694 3300 1733 3362 et
1751 3285 1852 3389 Aldy
1871 3311 1936 3388 per
1957 3287 2158 3365 millianam
2181 3313 2277 3373 cuore

772 3420 936 3520 sponsam
955 3418 1138 3515 quondam
1159 3418 1350 3519 Reginaldi
1368 3442 1464 3503 more
1483 3444 1551 3520 pro
1567 3419 1721 3518 quadam
1737 3444 1878 3495 summa
1893 3422 2043 3522 pecunie
2064 3424 2168 3502 nobie
2188 3424 2278 3499 inte·

774 3546 918 3651 gmliler
928 3548 1106 3651 persoluta
1116 3576 1181 3651 pre
1193 3550 1353 3649 manib3·
1364 3550 1411 3625 In
1423 3550 1526 3625 enine
1536 3550 1589 3625 rei
1600 3549 1784 3627 seomiute
1793 3549 1989 3651 obligamus
2000 3580 2067 3629 noa
2080 3554 2279 3631 etheredus

775 3694 915 3757 nostros
934 3681 981 3757 ad
1000 3682 1305 3759 wmantizandnm
1326 3682 1485 3783 predillo
1505 3682 1664 3759 Johanni
1686 3682 1829 3765 mercar
1855 3698 1892 3757 et
1916 3684 2110 3761 heredibus
2135 3686 2210 3763 suia
2235 3712 2280 3762 ac

777 3811 953 3915 assignatis
977 3812 1173 3915 predillam
1197 3814 1357 3889 wardam
1384 3838 1449 3889 eeu
1477 3812 1651 3891 relenium
1679 3827 1805 3889 eontra
1832 3814 2011 3915 pinsatum
2039 3818 2206 3893 comitem
2234 3818 2282 3892 de

779 3945 1019 4049 Sotheyrland
1036 3960 1073 4022 et
1089 3946 1296 4023 eomitill'am
1313 3946 1359 4022 de
1377 3944 1576 4047 Straheryn
1591 3946 1755 4045 spumam
1770 3945 1868 4019 suam
1880 3944 2076 4047 legitimam
2092 3989 2101 4012 ·
2118 3948 2164 4023 In
2180 3949 2282 4025 enine

775 4080 827 4159 rei
843 4079 1082 4159 testimonium
1099 4078 1320 4184 presentibus
1337 4078 1490 4181 sigillum
1507 4082 1665 4157 nostrum
1682 4080 1733 4153 esl
1748 4079 1943 4179 appensum
1962 4120 1971 4143 ·
1989 4106 2061 4155 una
2073 4106 2157 4156 cnm
2167 4080 2283 4181 sigillo

776 4210 926 4289 Walteri
949 4211 1087 4291 Olisant
1109 4212 1148 4287 in
1171 4210 1375 4291 evidencina
1395 4212 1639 4288 testimonium
1656 4251 1666 4271 ·
1684 4208 1826 4285 Datum
1846 4210 1945 4311 apud
1966 4208 2079 4285 Parth
2100 4210 2159 4286 die
2181 4212 2282 4287 Jovia

775 4344 938 4445 proximo
953 4358 1036 4449 poet
1050 4344 1177 4422 sestum
1193 4342 1404 4447 penleeoslis
1425 4370 1520 4421 anno
1541 4342 1676 4421 domini
1698 4352 1772 4426 (um
1789 4342 2077 4443 quinquagessmo
2089 4342 2253 4420 seeundo.
2273 4460 2280 4475 ·
