5734 6700
1100 763 1180 838 DE
1211 761 1612 841 INGHAFFERY.

597 1231 684 1336 Hie
700 1259 878 1363 incipiunt
894 1277 991 1340 ωηο
1007 1279 1044 1340 st
1062 1263 1349 1341 confirmationes
1362 1264 1524 1339 omnium
1536 1262 1758 1340 sodsfisrum
1769 1265 1978 1348 monasterio
1991 1265 2110 1344 Insule

600 1391 785 1476 missarum
802 1394 1060 1518 pertinentium
1079 1439 1088 1458 ·

651 1525 835 1627 Imprimis
850 1542 948 1604 cauta
965 1527 1120 1608 Gilberti
1137 1528 1277 1605 comitis
1293 1529 1339 1604 ds
1356 1527 1497 1606 ecclsiis
1512 1529 1558 1605 do
1574 1527 1817 1629 maddimyno
1834 1568 1845 1594 ·

527 1794 575 1868 68
600 1765 797 1870 Gilbertus
814 1820 933 1870 comos
950 1797 996 1871 de
1012 1795 1229 1898 Stratheryu
1245 1794 1409 1870 omnibus
1426 1793 1549 1870 amicis
1566 1807 1603 1870 st
1617 1793 1824 1870 hominibus
1840 1795 1909 1871 suis
1933 1795 2079 1874 sulutem
2098 1839 2107 1860 ·

599 1926 728 2002 Sciatis
743 1955 802 2004 ms
820 1928 951 2005 dediii‘o
964 1943 1001 2006 et
1018 1929 1211 2005 conoeffiffe
1227 1942 1265 2004 st
1280 1928 1348 2004 huo
1364 1953 1448 2004 mos
1462 1941 1561 2003 curta
1576 1928 1793 2004 ooufirmuffo
1808 1927 1892 2005 Doo
1909 1944 1946 2006 ot
1965 1931 2104 2008 ecclsiis

596 2059 701 2136 sandi
727 2061 902 2136 Johaunis
923 2061 1136 2163 euangeliste
1156 2062 1202 2137 do
1225 2061 1434 2162 Inchsffryu
1460 2074 1498 2136 et
1521 2058 1637 2137 eidem
1657 2060 1798 2138 socieiio
1816 2061 2049 2140 seruientibus
2067 2081 2104 2142 et

597 2191 777 2268 seruitutis
805 2191 983 2267 eeclefiam
1016 2193 1062 2267 de
1095 2191 1320 2293 maddirnyn
1346 2217 1429 2266 oum
1455 2191 1620 2267 omuibus
1644 2191 1748 2291 justis
1777 2191 2004 2294 pertiuentijs
2031 2195 2104 2269 fuis

600 2325 637 2398 in
665 2349 791 2425 purum
815 2339 851 2400 st
878 2339 1088 2426 perpetuam
1114 2324 1337 2401 elemosinam
1359 2349 1425 2424 pro
1450 2324 1568 2398 anime
1587 2351 1667 2400 mes
1687 2324 1797 2400 sunto
1821 2340 1858 2401 et
1881 2327 1999 2402 uxoris
2025 2355 2104 2404 mee

594 2470 630 2530 et
647 2482 714 2556 pro
730 2456 915 2531 animabus
931 2457 1186 2532 antenodorum
1198 2481 1358 2532 meorum
1368 2470 1405 2531 st
1421 2453 1531 2531 salute
1546 2454 1738 2530 liberorum
1749 2482 1912 2532 meorum
1930 2499 1939 2518 ·
1957 2459 2103 2536 Tenen-

594 2587 679 2661 dum
708 2587 758 2661 ita
786 2584 895 2662 libero
922 2587 1041 2687 quieto
1067 2585 1226 2688 plenario
1253 2599 1291 2662 et
1320 2583 1516 2662 honorifico
1544 2587 1632 2662 ficut
1656 2585 1775 2686 aliqua
1798 2587 1940 2665 ecclsiis
1963 2591 2002 2666 in
2026 2607 2102 2668 toto

593 2743 704 2818 regno
735 2717 857 2796 Scotis
886 2719 931 2792 sb
965 2716 1142 2818 aliquibus
1175 2715 1342 2816 religiofis
1374 2716 1522 2810 liberius
1555 2717 1714 2816 quiecius
1745 2717 1927 2819 plenarius
1959 2735 2102 2798 tenetur

592 2862 630 2926 ob
645 2849 935 2926 honorificentius
962 2892 971 2910 ·
997 2849 1081 2952 Hijs
1106 2849 1253 2926 testibus
1282 2849 1419 2935 malifio
1444 2852 1553 2927 innuo
1577 2878 1658 2927 mso
1684 2894 1693 2912 ·
1718 2851 1873 2936 matilde
1896 2853 2065 2930 oomitiffn
2090 2897 2100 2917 ι

590 2979 769 3056 Willolmo
794 2995 831 3056 ot
856 2981 999 3056 ffertoth
1023 2995 1060 3056 et
1085 2981 1245 3057 Robsrtu
1270 2980 1354 3082 filijs
1371 2981 1461 3058 meis
1493 3025 1502 3042 ·
1530 2981 1711 3060 Gillenem
1735 2984 1895 3086 dapifero
1920 2986 2037 3062 nostro
2065 3004 2101 3063 et

590 3111 728 3196 (valido
751 3111 824 3187 filio
847 3113 924 3212 ejus
950 3109 1145 3188 ·Gilberto
1165 3111 1276 3196 milite
1303 3155 1311 3172 ·
1339 3113 1499 3189 Abruam
1515 3114 1698 3216 capellano
1724 3159 1733 3176 ·
1759 3115 1878 3194 Bricio
1893 3119 2039 3218 persona
2055 3121 2101 3195 de

591 3245 696 3322 Orbis
714 3287 722 3306 ·
742 3243 978 3322 Constantino
989 3245 1114 3346 judice
1132 3289 1141 3306 ·
1160 3245 1325 3323 Aueohol
1341 3246 1465 3324 theino
1481 3275 1590 3324 mso·

588 3620 686 3723 Au
702 3659 800 3723 carta
816 3646 862 3721 ue
878 3644 1005 3721 emam
1021 3642 1190 3721 ecclesa·

518 3900 567 3974 69
589 3881 785 3985 Gilbsrtus
802 3934 921 3985 comes
937 3908 984 3985 de
1003 3905 1215 4009 Strutheryn
1232 3905 1398 3982 omuibus
1419 3904 1489 3981 hoo
1508 3904 1676 4003 seriptum
1695 3904 1817 3980 visuris
1839 3901 1895 3979 vel
1916 3905 2091 3987 auditutis

586 4040 732 4117 sulutem
750 4083 759 4102 ·
780 4039 903 4118 Sciant
919 4054 994 4117 tam
1010 4039 1190 4140 presentes
1207 4062 1314 4138 quam
1331 4036 1447 4112 futuri
1462 4062 1521 4111 ms
1538 4036 1670 4112 dediffs
1690 4047 1728 4111 et
1749 4036 1943 4113 conceffiffe
1968 4053 2006 4113 et
2024 4038 2092 4115 hac

586 4188 684 4249 sarta
709 4198 790 4249 meo
822 4173 1042 4249 confirmado
1062 4170 1147 4247 Deo
1176 4186 1213 4247 ot
1241 4171 1356 4245 fando
1381 4167 1542 4245 Johauui
1570 4167 1727 4270 apostolo
1752 4168 1799 4243 ds
1825 4167 2026 4272 Inchaffray
2056 4188 2093 4247 et

585 4302 762 4379 canonicis
783 4304 939 4405 sjufdom
964 4301 1033 4379 looi
1053 4327 1248 4400 eorumque
1267 4300 1515 4376 suooefforibus
1534 4325 1601 4401 pro
1617 4299 1691 4375 Dei
1707 4324 1828 4375 amoro
1844 4314 1881 4376 st
1896 4326 1962 4399 pro
1983 4301 2093 4379 salute

583 4435 701 4509 auimo
713 4458 791 4510 mse
804 4447 841 4509 ot
852 4434 970 4509 vxoris
983 4458 1062 4508 mes
1075 4430 1375 4509 etautoosfibrum
1393 4430 1611 4506 etheredum
1621 4454 1783 4504 meorum
1795 4428 1973 4507 eooleiiam
1986 4433 2091 4508 sandi

584 4566 775 4642 Ethirnsui
800 4567 846 4642 ds
872 4566 1106 4667 maddyrnyn
1133 4589 1215 4641 oum
1238 4562 1403 4639 omuibus
1423 4563 1528 4663 justis
1551 4562 1775 4663 pertiuentijs
1794 4562 1863 4637 suis
1881 4562 1920 4637 in
1944 4565 2089 4641 decimis

582 4714 619 4774 ot
644 4697 880 4774 oblationibus
897 4711 934 4773 et
950 4694 1167 4773 obuentibus
1194 4694 1408 4771 omnimodis
1436 4720 1519 4770 oum
1545 4707 1640 4771 terra
1663 4696 1711 4769 ad
1735 4694 1885 4770 eandem
1910 4694 2087 4773 eeclesiam

581 4830 783 4932 pertinento
818 4845 855 4906 st
893 4854 976 4905 oum
1008 4825 1192 4905 communi
1225 4826 1366 4925 pastura
1398 4824 1589 4925 asteriique
1628 4821 1851 4925 aydamsntis
1879 4828 2089 4906 omnimodis
