5734 6700
1049 737 1125 810 DE
1156 735 1555 814 INCHAFFERY.
2010 735 2057 806 29

549 987 586 1046 et
601 971 781 1046 seruituris
804 969 922 1044 lenum
938 967 1131 1053 molendini
1145 969 1248 1070 snper
1265 969 1401 1046 Peffrin
1426 970 1465 1044 in
1487 983 1584 1044 terra
1599 969 1646 1044 de
1663 967 1957 1071 Ballmnkgillone
1973 991 2055 1042 oum

548 1103 637 1180 tofto
666 1117 702 1178 et
724 1105 848 1204 stagno
874 1115 911 1178 et
933 1100 1010 1176 aliis
1036 1099 1256 1202 eyiiementis
1282 1127 1351 1202 qne
1377 1101 1560 1203 pertinent
1585 1102 1633 1176 ed
1657 1102 1903 1178 molendinum
1928 1101 1992 1176 fibi
2015 1116 2053 1176 et

547 1233 794 1310 snoeeil'oribus
810 1233 879 1308 suis
904 1231 950 1307 de
974 1258 1031 1308 me
1048 1247 1084 1307 et
1105 1230 1295 1308 heredibus
1312 1233 1400 1308 meis
1424 1233 1466 1307 in
1484 1257 1612 1333 puram
1634 1246 1672 1309 et
1695 1249 1905 1335 perpetuam
1924 1233 2053 1309 elemo-

545 1369 654 1442 llnnm
670 1365 828 1467 plenarie
845 1377 882 1440 et
900 1363 1094 1439 honorifice
1117 1376 1154 1438 et
1174 1363 1312 1462 integre
1327 1361 1422 1436 solue
1437 1362 1527 1436 sena
1545 1361 1730 1438 hominum
1750 1389 1911 1440 meorum
1927 1364 1991 1462 qui
2004 1361 2052 1437 nd

545 1498 749 1574 molendina
773 1523 856 1572 mee
879 1497 999 1574 venire
1026 1494 1157 1572 debent
1184 1537 1193 1556 ·
1222 1495 1306 1569 Hiis
1327 1493 1474 1569 testibus
1500 1535 1509 1554 ·
1539 1493 1689 1570 Ferteth
1716 1509 1753 1572 et
1779 1498 1940 1573 Roberto
1968 1495 2050 1570 liliis

544 1629 633 1704 meis
660 1669 670 1688 ·
700 1627 875 1704 Gillenefo
892 1641 929 1702 et
945 1626 1081 1710 &lalisio
1098 1625 1171 1700 filio
1193 1627 1270 1726 ejus
1295 1623 1477 1700 senesello
1501 1649 1583 1700 meo
1610 1663 1621 1686 ο
1650 1626 1884 1702 Constantino
1895 1628 2049 1728 judiee·

545 1761 707 1838 Aneehol
724 1761 858 1839 thenno
874 1760 920 1837 de
935 1760 1065 1834 Dunin
1083 1799 1094 1821 ·
1110 1759 1291 1834 Dnnmno
1307 1759 1443 1836 menno
1459 1757 1505 1834 de
1523 1758 1648 1835 Strnin
1666 1801 1677 1820 ·
1695 1759 1873 1837 Gilleorist
1890 1761 2005 1837 Gall·

545 2135 617 2236 De
633 2174 728 2234 terre
744 2155 916 2232 Tristram
929 2156 967 2232 in
984 2155 1160 2232 territorio
1177 2156 1223 2230 de
1241 2155 1359 2256 Gorty
1378 2199 1387 2214 ·

328 2453 331 2460 ·
476 2421 525 2495 28
549 2399 683 2502 Solent
708 2441 782 2499 tam
805 2423 916 2498 fututi
938 2447 1046 2522 quem
1068 2422 1247 2522 presentes
1269 2420 1366 2518 qued
1388 2445 1455 2520 ego
1478 2420 1650 2496 Tristrem
1673 2422 1758 2497 dedi
1779 2437 1817 2498 et
1839 2425 1986 2500 ooneeffi
2009 2443 2047 2501 et

540 2559 609 2634 hoe
630 2557 758 2658 scripto
781 2581 862 2630 meo
882 2552 1090 2630 confirmani
1113 2553 1181 2630 deo
1208 2565 1245 2628 et
1270 2551 1386 2628 fantto
1409 2551 1569 2628 Jebonni
1590 2552 1746 2655 apostolo
1768 2555 1815 2630 de
1840 2556 2047 2659 Inehnffryn
2107 2617 2110 2622 .

542 2707 579 2768 et
595 2689 772 2767 eenonieis
788 2689 921 2765 ibidem
938 2689 1005 2763 deo
1021 2686 1252 2762 seruientibus
1269 2698 1307 2760 et
1320 2684 1501 2760 femitnrio
1516 2713 1628 2760 vnum
1644 2687 1797 2763 eroltnm
1812 2689 1850 2762 in
1870 2689 2046 2767 territorio

541 2851 622 2900 meo
642 2818 925 2898 Edderdoeneth
941 2819 1036 2920 quod
1053 2819 1103 2894 est
1124 2815 1360 2918 propinquius
1374 2817 1498 2917 llegno
1518 2816 1712 2900 molendini
1729 2819 1775 2896 de
1793 2819 1914 2922 Gorty
1927 2822 2045 2897 verine

541 2957 713 3033 orientem
738 2979 803 3054 per
827 2952 918 3054 ipsae
943 2951 1073 3026 diuisos
1097 2975 1184 3051 qnos
1209 2948 1368 3033 molinus
1391 2949 1489 3050 prior
1512 2949 1551 3025 in
1575 2949 1651 3026 vite
1671 2951 1734 3026 sue
1753 2953 1871 3028 tenuit
1894 2980 1964 3053 pro
1986 2955 2045 3030 dei

541 3115 661 3165 amore
672 3085 905 3188 etprol'nlnte
915 3081 1818 3182 enimemeeinliberemetperpetnemelemofinem
1829 3085 2044 3162 Tenendum

540 3221 602 3296 libi
619 3233 656 3296 et
667 3217 873 3295 habendum
886 3231 922 3294 et
938 3214 1182 3318 poffidendum
1198 3215 1246 3290 de
1260 3239 1319 3289 me
1335 3227 1371 3290 et
1387 3212 1578 3290 heredibus
1589 3215 1678 3291 meis
1693 3215 1803 3292 libere
1818 3232 1857 3293 et
1867 3218 1986 3318 quiete
1998 3221 2044 3294 eb

539 3352 638 3429 omni
660 3350 803 3453 penitus
819 3347 963 3426 seculari
983 3347 1127 3425 l'emieio
1150 3361 1189 3423 et
1211 3344 1326 3423 seruili
1347 3345 1486 3423 edlione
1508 3388 1518 3409 ·
1544 3346 1612 3423 Hii
1632 3347 1714 3425 funt
1732 3350 1839 3425 testes
1860 3350 2043 3426 Abbrenm

539 3481 743 3585 capellanus
771 3480 907 3556 domini
936 3480 1074 3555 comitis
1103 3479 1149 3555 de
1177 3477 1390 3580 Stretheryn
1416 3493 1455 3555 et
1482 3478 1626 3553 Artbnr
1644 3478 1740 3553 filins
1761 3482 1839 3577 ojus
1866 3524 1876 3540 ·
1903 3480 2044 3557 monn

539 3612 742 3715 ospellonne
758 3612 804 3687 de
820 3610 935 3687 llbnlis
954 3649 964 3670 ·
986 3610 1153 3685 dominns
1168 3608 1381 3708 Riginnldns
1400 3610 1594 3686 eenoniens
1610 3608 1659 3685 de
1675 3609 1916 3712 Stntberyn·
1935 3612 2041 3689 Hen-

538 3746 632 3821 rions
651 3758 688 3819 et
709 3742 881 3817 Tristrem
905 3779 915 3803 ·
942 3754 980 3817 et
995 3738 1198 3815 Willelmns
1215 3738 1310 3815 filins
1330 3740 1504 3815 'I'rillrem
1529 3781 1540 3800 ·
1564 3753 1602 3817 et
1622 3740 1807 3817 Tebnldus
1830 3783 1841 3803 ·
1865 3742 2009 3845 Foghie
2032 3787 2041 3803 ·

539 3876 693 3954 Oristina
706 3874 842 3951 femine
856 3871 1026 3947 'l'rillrem
1045 3914 1054 3931 ·
1072 3884 1109 3949 et
1125 3870 1227 3945 Anni
1244 3870 1318 3946 lilio
1334 3873 1412 3970 ejm
1430 3913 1440 3933 ·
1457 3886 1496 3946 et
1510 3868 1633 3946 multis
1647 3870 1728 3946 aliis
1742 3912 1754 3931 ·
1919 3943 1923 3949 ,

542 4242 786 4346 Confirmatio
801 4267 848 4343 (ιο
863 4264 953 4341 seeo
970 4264 1168 4341 mmm·

472 4532 520 4605 29
542 4507 676 4610 Sciant
692 4547 765 4607 tem
781 4530 891 4605 bituri
907 4556 1016 4628 quem
1031 4528 1211 4629 presentes
1226 4528 1323 4627 qnod
1339 4553 1405 4629 ego
1422 4527 1609 4603 Gilbertm
1624 4554 1746 4607 oenoe
1758 4529 1808 4605 do
1822 4528 2035 4635 Stnthmyn

535 4666 681 4744 ooneeffi
710 4663 838 4739 etheo
867 4675 964 4737 enrta
987 4686 1067 4735 men
1092 4658 1299 4735 eonfirmani
1328 4659 1395 4735 deo
1424 4673 1462 4734 et
1489 4660 1606 4735 saneto
1631 4660 1789 4736 Jobenni
1813 4664 1968 4764 apostolo
1995 4682 2035 4741 et

534 4796 745 4901 euangeliste
770 4795 816 4873 de
836 4794 1040 4895 Inobell'ryn
1057 4806 1094 4869 et
1113 4789 1291 4867 oenoniois
1307 4789 1440 4865 ibidem
1461 4790 1530 4865 deo
1549 4792 1780 4869 seruientibus
1798 4809 1837 4869 et
1854 4794 2034 4876 seruitutis
