5734 6700
1189 863 1455 934 APPENDIX.
1958 865 2072 930 mvii

569 1195 716 1312 alerio
730 1215 849 1294 relicte
864 1215 1017 1317 Eugenii
1033 1212 1096 1289 filii
1113 1213 1257 1312 Goning
1273 1213 1428 1316 quietam
1445 1211 1574 1290 clamat
1590 1228 1720 1290 terrum
1737 1215 1783 1290 de
1797 1213 2035 1316 Tulliberdyn
2055 1255 2065 1276 ·

561 1351 776 1426 Abbrcvr'ato
791 1375 839 1426 er
863 1349 966 1448 On'g.
982 1350 1026 1422 in
1040 1347 1198 1423 arctiore
1212 1346 1385 1422 Ducolus
1401 1347 1446 1420 de
1462 1345 1584 1422 Atlrol.

490 1633 537 1700 18
566 1587 761 1690 Omnibus
788 1657 797 1676 ·
817 1656 825 1674 ·
844 1656 854 1674 ·
874 1654 883 1675 ·
901 1613 1021 1697 &lario
1046 1609 1182 1688 11611616
1206 1611 1354 1711 q⁰ndem
1379 1609 1535 1711 Eugenii
1559 1609 1623 1685 filii
1648 1609 1797 1711 Oouing
1816 1649 1825 1670 ·
1844 1649 1854 1670 ·
1875 1653 1884 1670 ·
1904 1652 1913 1669 ·
1934 1637 2016 1687 cum
2040 1637 2065 1712 p

562 1763 717 1822 morsum
736 1746 911 1822 cociencie
928 1759 1046 1822 mente
1063 1771 1087 1846 7
1102 1743 1222 1819 animo
1246 1737 1442 1820 intelletum
1465 1770 1524 1818 me
1541 1745 1580 1818 in
1601 1741 1689 1846 legit
1696 1742 1784 1818 time
1798 1742 1971 1818 viduitate
1986 1768 2068 1819 mea

562 1878 765 1954 costitutum
791 1879 894 1954 cont‘
914 1879 1021 1954 deum
1046 1902 1069 1977 7
1093 1876 1268 1952 iusticiam
1293 1861 1408 1976 gr‘uil
1434 1874 1616 1977 deliquisse
1641 1875 1776 1950 iniuste
1792 1877 1954 1950 rexmdo
1979 1876 2067 1950 dfim

563 2009 688 2085 Willm
707 2012 752 2086 de
769 2009 935 2095 morenis
950 2008 1062 2084 milite
1078 2006 1156 2084 filio
1177 2009 1240 2084 dni
1257 2007 1441 2093 malcolmi
1463 2009 1507 2084 de
1530 2009 1664 2092 (vorati
1684 2006 1776 2083 milit
1793 2010 1898 2083 cont‘
1917 2008 2029 2108 sc¹pta
2043 2035 2067 2108 7

561 2143 790 2218 conuetioues
814 2127 875 2217 inp
897 2140 973 2242 ipm
989 2168 1013 2241 7
1029 2167 1088 2218 me
1104 2182 1115 2202 ·
1134 2183 1144 2206 ·
1165 2185 1174 2201 ·
1194 2185 1202 2201 ·
1220 2141 1300 2217 volo
1315 2170 1339 2243 7
1356 2140 1513 2217 concedo
1530 2181 1541 2202 ·
1561 2183 1571 2200 ·
1591 2183 1601 2201 ·
1622 2183 1631 2200 ·
1649 2141 1699 2240 qd
1715 2143 1779 2216 dds
1801 2141 1871 2216 dris
1886 2141 1980 2217 wilde
1998 2180 2008 2203 ·
2028 2179 2067 2204 ··

560 2289 672 2350 totam
689 2255 818 2374 ildcem
835 2274 1026 2348 medietate
1044 2273 1249 2350 orientalem
1264 2257 1320 2348 lte
1345 2275 1391 2348 de
1409 2271 1647 2374 Tullib'ardyn
1672 2273 1864 2373 imppetur‘r
1883 2275 1931 2348 sd
1945 2274 2067 2350 feode-

558 2407 699 2480 firmam
715 2419 861 2481 teneant
879 2444 1035 2466 ······
1054 2404 1255 2480 Reddendo
1274 2446 1283 2465 ·
1302 2447 1312 2465 ·
1331 2446 1341 2466 ·
1359 2405 1409 2505 xij
1436 2406 1566 2480 m‘rces
1585 2405 1708 2495 bonon
1733 2417 1771 2480 et
1792 2402 1959 2504 legalium
1976 2421 2066 2482 ster-

559 2537 682 2640 lingou
710 2578 776 2599 ···
797 2535 930 2613 ·rolo'·
950 2579 959 2596 ·
978 2578 988 2598 ·
1007 2579 1016 2597 ·
1036 2535 1075 2637 qd
1099 2535 1202 2612 liceat
1231 2538 1298 2612 dcc
1326 2536 1398 2611 dno
1429 2535 1542 2611 Willo
1569 2575 1606 2596 ··
1633 2579 1642 2596 ·
1670 2533 1836 2636 q‘docuffi
1864 2513 1977 2612 voldit
2003 2565 2067 2614 seu

558 2667 736 2746 voluerint
752 2697 775 2766 7
792 2669 923 2769 poterit
939 2695 1003 2744 seu
1020 2653 1140 2771 pclint
1157 2681 1268 2743 totam
1286 2669 1390 2744 dcam
1415 2669 1609 2744 medietate
1631 2652 1690 2743 ‘tlte
1712 2669 1758 2744 de
1774 2667 1969 2770 tulybardy
1985 2697 2068 2745 cum

559 2803 786 2903 pertinenciis
804 2801 881 2877 sine
898 2801 1211 2876 contradidiionem
1232 2800 1266 2876 ei
1282 2817 1345 2876 eut
1362 2802 1534 2876 heredum
1551 2826 1712 2877 meorum
1736 2815 1800 2876 eut
1820 2803 2067 2904 allignetorum

558 2937 604 3009 de
620 2934 753 3037 prodeo
771 2935 844 3010 dno
861 2933 989 3010 comite
1006 2935 1052 3009 de
1064 2932 1274 3008 Stretherne
1290 2933 1518 3033 7heredibus
1535 2934 1608 3008 suis
1625 2933 1889 3033 imperpetuum
1901 2935 1939 3009 in
1951 2938 2067 3038 capite

559 3083 679 3142 tenere
695 3095 720 3167 7
736 3067 906 3166 pcffidere
924 3107 935 3130 ·
954 3107 962 3126 ·
983 3107 993 3127 ·
1013 3105 1022 3126 ·
1045 3066 1076 3140 si
1093 3065 1281 3166 contigerit
1306 3065 1504 3164 predictum
1521 3066 1707 3140 dominum
1727 3065 1855 3166 Willm
1870 3068 1916 3143 de
1935 3069 2066 3151 &loreis

558 3212 643 3273 ante
660 3197 767 3273 duom
787 3199 892 3272 edum
917 3207 1060 3298 sposum
1085 3225 1187 3274 suem
1204 3197 1293 3299 nepi
1317 3223 1436 3274 meam
1457 3198 1548 3274 inici
1564 3199 1733 3275 decedere
1750 3197 1817 3298 qud
1833 3215 1945 3276 totam
1962 3203 2067 3278 dcem

557 3329 784 3405 medietatem
806 3313 927 3406 16616
946 3329 1139 3432 tulyberdy
1156 3373 1166 3393 ·
1186 3371 1196 3392 ·
1215 3372 1224 3393 ·
1243 3358 1308 3407 suo
1332 3346 1506 3433 perpetuo
1531 3345 1679 3408 teneat·
1699 3347 1708 3392 ἑ
1726 3372 1736 3393 ·
1757 3331 1923 3435 Sigillum
1945 3363 2067 3412 meum

557 3464 779 3559 presentibus
796 3463 947 3565 apposui
966 3502 976 3523 ·
996 3478 1032 3539 et
1049 3463 1133 3563 quia
1149 3462 1246 3565 sigili
1262 3476 1347 3541 metr
1364 3490 1439 3540 non
1455 3463 1541 3539 satis
1557 3478 1613 3540 est
1629 3478 1722 3541 notu
1737 3466 1894 3567 sigillum
1909 3468 2068 3545 officiali-

557 3595 640 3668 tetis
657 3594 737 3668 Bui
756 3594 857 3668 Willi
883 3594 923 3669 di
947 3602 1013 3695 gia
1037 3596 1110 3698 Epi
1127 3596 1312 3671 Dumblair
1340 3624 1411 3673 unu
1436 3610 1483 3671 οῦ
1507 3596 1622 3697 sigillo
1638 3596 1744 3673 Joliis
1759 3598 1824 3675 filii
1843 3602 1990 3677 Ricardi
2005 3615 2068 3679 tue

557 3726 726 3828 temporis
748 3726 949 3802 costabular
970 3728 1016 3804 de
1037 3728 1105 3830 pth
1134 3772 1143 3789 ·
1170 3771 1179 3789 ·
1209 3770 1218 3789 ·
1246 3769 1256 3790 ·
1279 3729 1449 3805 Testibus
1471 3730 1602 3831 magro
1625 3728 1783 3831 Symone
1806 3731 1906 3809 Belle
1927 3751 2066 3837 ppetuu

556 3859 653 3933 vicui'
677 3859 722 3934 de
748 3858 916 3961 strivelyn
936 3901 946 3922 ·
964 3860 1054 3936 Bne
1080 3859 1275 3937 duvenaldo
1301 3862 1398 3962 p²ore
1421 3861 1468 3937 (16
1492 3859 1626 3945 alethi}
1644 3903 1653 3921 ·
1670 3862 1760 3939 Bne
1783 3863 1925 3940 (ller'rite
1949 3866 2068 3969 capllo

557 3992 685 4065 Decei'r
714 3990 892 4067 x¹anitatis
922 3992 967 4068 de
993 3992 1181 4069 Strethern
1204 4034 1215 4055 ·
1239 3993 1336 4068 Bnis
1361 3994 1505 4069 Nerine
1529 4021 1554 4094 7
1579 3995 1690 4070 Andi
1714 3995 1841 4097 cepllis
1868 3992 2005 4099 drogo
2023 3999 2068 4075 (16

556 4120 679 4197 luffclis
696 4102 788 4199 elice
805 4162 814 4183 ·
834 4122 1028 4206 malcolmo
1047 4126 1093 4200 de
1109 4126 1244 4225 kynros
1262 4165 1271 4186 ·
1292 4126 1367 4201 Hel
1392 4126 1501 4201 Judie
1519 4168 1528 4187 ·
1546 4128 1707 4211 montell
1741 4128 1886 4231 oe'alpy
1901 4130 2055 4231 lingone

557 4256 603 4328 de
621 4253 754 4329 Erthe·
773 4252 993 4356 Rundulpho
1018 4259 1062 4341 α)
1082 4301 1090 4317 ·
1111 4300 1119 4317 ·
1138 4256 1289 4335 chlenue
1312 4298 1322 4321 ·
1346 4259 1371 4334 J
1372 4258 1433 4334 oni
1449 4256 1523 4336 filio
1539 4244 1689 4359 presbili
1714 4261 1872 4364 burgeni
1886 4263 1934 4338 de
1950 4262 2066 4339 huch-

556 4368 682 4461 luder
697 4412 721 4485 7
737 4384 858 4463 multis
876 4387 952 4461 aliis
972 4430 980 4449 ·
2047 4378 2052 4389 ⁸
