5734 6700
1130 696 1195 760 Du
1223 696 1275 761 IN
1282 696 1557 762 CHAFFERY.
2038 698 2100 763 125

520 1009 563 1073 16
581 1014 786 1080 Confirmatio
801 1015 1070 1082 commendatarii
1083 1026 1118 1082 et
1133 1016 1267 1103 capituli
1281 1018 1321 1085 de
1337 1018 1516 1107 lnchaffray
1530 1040 1629 1105 super
1649 1030 1737 1085 carta
1752 1018 1881 1105 Patricij
1897 1019 2029 1103 Murray
2044 1016 2102 1081 lilii

579 1134 736 1201 Anthonii
757 1136 889 1223 Murray
903 1135 943 1201 de
963 1135 1106 1223 Doloray
1120 1158 1185 1223 qua
1201 1158 1275 1203 oum
1289 1158 1447 1204 consensu
1463 1137 1609 1223 coniugis
1624 1138 1735 1204 vendit
1749 1136 1926 1203 honorabili
1941 1137 2009 1201 viro
2024 1136 2104 1202 Wil-

576 1256 674 1322 lelmo
694 1256 827 1342 Murray
846 1254 914 1321 filio
935 1265 970 1321 et
994 1254 1105 1321 heredi
1129 1255 1297 1342 apparenti
1318 1256 1472 1323 Willelmi
1494 1259 1624 1345 Murray
1647 1260 1688 1325 de
1710 1257 1908 1343 Tulibardyn
1933 1256 2101 1323 duodecim

576 1387 735 1443 marcatas
745 1388 901 1442 terramm
914 1375 956 1441 de
969 1375 1049 1441 Nevv
1065 1376 1143 1440 Ravv
1156 1386 1293 1461 quatuor
1306 1388 1465 1443 marcatas
1480 1387 1636 1443 terrarum
1648 1378 1689 1443 de
1703 1379 1833 1465 Thorny
1842 1376 1912 1442 Hill
1921 1396 1995 1442 cum
2009 1386 2103 1462 prato

576 1496 720 1563 eiusdem
742 1506 843 1562 terras
864 1495 905 1561 de
919 1493 1140 1582 Wynmynhill
1164 1505 1266 1561 terras
1287 1506 1415 1562 vocatas
1440 1496 1483 1562 lie
1506 1497 1605 1562 Ward
1627 1496 1756 1563 Todlrill
1780 1507 1815 1561 et
1837 1496 1911 1582 Hay
1926 1516 2023 1581 grene
2041 1517 2103 1559 vna

576 1638 650 1682 cum
675 1614 842 1703 privilegio
856 1613 1002 1681 lucrandi
1019 1614 1162 1680 fodiendi
1178 1614 1317 1681 sedecim
1331 1614 1434 1682 dietas
1456 1626 1602 1704 patarum
1624 1616 1658 1682 in
1673 1614 1925 1682 occidentalibus
1941 1614 2102 1681 merresiis

576 1740 617 1805 de
643 1737 885 1825 Inchechaffray
909 1760 947 1803 ac
968 1737 1066 1803 etiam
1087 1760 1162 1803 cum
1184 1748 1316 1824 pastura
1335 1737 1521 1804 animalium
1543 1739 1578 1805 in
1602 1738 1696 1805 dictis
1720 1738 1888 1805 merresiis.
1932 1738 2018 1803 Data
2041 1738 2101 1803 sub

576 1859 738 1925 communi
752 1858 857 1945 sigillo
870 1869 906 1924 et
920 1857 1208 1946 subscriptionibus
1222 1858 1424 1925 manualibus
1440 1860 1572 1949 capituli
1588 1862 1698 1948 apud.
1716 1912 1723 1927 .
1740 1909 1748 1926 .
1765 1912 1772 1926 .
1788 1862 1869 1925 al).
1886 1862 1929 1927 15
1945 1862 1964 1901 'l
1982 1859 2001 1895 โถ

518 2212 560 2280 17
576 2216 675 2282 Carta
701 2215 931 2282 feudifirmaria
959 2218 1001 2282 ab
1029 2216 1143 2282 eodem
1173 2217 1442 2282 commendatario
1474 2240 1533 2304 pro
1563 2240 1688 2283 summa
1717 2218 1804 2284 mille
1834 2216 1986 2283 librarum
2015 2218 2102 2283 facta

576 2336 716 2403 Patricio
737 2337 869 2422 Murray
882 2335 950 2400 filio
971 2334 1125 2421 Anthonij
1143 2336 1275 2422 Mun-ay
1289 2337 1330 2402 de
1352 2336 1493 2423 Doloray
1508 2358 1605 2423 super
1627 2336 1721 2403 terris
1738 2336 1926 2425 subscriptis
1944 2336 2004 2403 viz.
2022 2330 2101 2403 duo-

575 2457 679 2523 decim
702 2455 851 2523 marcatis
873 2465 1030 2521 terrarum
1051 2453 1091 2520 de
1114 2454 1194 2520 New
1216 2456 1296 2521 Ravv
1314 2466 1451 2542 quatuor
1472 2456 1620 2523 marcatis
1641 2464 1798 2523 terrarum
1815 2456 1855 2523 de
1878 2457 2008 2545 Thomy
2030 2455 2100 2521 Hill

575 2576 655 2643 alias
677 2577 820 2643 Wallaoe
846 2573 922 2641 laud
947 2584 1131 2641 vocatamm
1157 2595 1231 2639 oum
1254 2556 1346 2661 prato
1368 2575 1511 2642 eiusdem
1533 2576 1627 2643 terris
1648 2578 1688 2643 de
1706 2577 1925 2666 Wynmynhill
1942 2600 2005 2644 vna
2026 2600 2100 2644 cum

574 2695 742 2783 privilegio
758 2693 904 2761 lucrandi
925 2693 1067 2761 fodiendi
1089 2693 1228 2760 sedecim
1252 2694 1355 2760 dietas
1376 2705 1524 2781 potarum
1545 2696 1580 2762 iu
1602 2696 1854 2765 occidentalibus
1877 2699 2036 2765 marresiis
2061 2701 2100 2764 de

574 2816 816 2903 Inchechaffray
840 2815 1033 2902 easdemque
1062 2824 1154 2899 petas
1178 2813 1359 2880 abducendi
1384 2824 1529 2901 tempore
1555 2815 1650 2882 colito
1675 2838 1714 2883 ao
1743 2817 1839 2883 etiam
1866 2840 1940 2885 cum
1969 2829 2102 2906 pastura

575 2937 761 3005 animalium
785 2936 818 3001 in
844 2934 939 3002 dictis
964 2932 1124 2999 marresiis
1149 2932 1327 2998 Reddendo
1352 2934 1517 2999 annuatim
1544 2936 1577 3000 in
1600 2936 1725 3021 integro
1747 2958 1806 3024 pro
1828 2937 1980 3026 predictis
2006 2940 2099 3004 terris

574 3081 730 3127 summam
751 3053 969 3123 novemdecim
991 3051 1144 3117 librarum
1164 3062 1199 3117 et
1220 3052 1388 3118 duodecim
1412 3053 1587 3119 solidorum
1613 3076 1735 3121 necnon
1763 3056 1979 3153 molendinum
2001 3068 2035 3123 et
2056 3058 2099 3122 lie

575 3178 682 3264 mylne
699 3175 765 3243 leid
781 3174 816 3239 in
832 3172 963 3237 modum
978 3170 1109 3236 solitum
1126 3170 1336 3236 sustentando
1353 3170 1573 3259 multurasque
1589 3172 1740 3238 solvendo
1754 3184 1788 3240 et
1802 3174 1995 3262 duplicando
2012 3188 2102 3243 ante-

575 3297 693 3363 dictam
706 3292 918 3361 feudifirmam
934 3289 1037 3379 primo
1047 3288 1124 3355 anni
1138 3288 1287 3355 introitus
1298 3292 1455 3377 cujusque
1469 3291 1604 3358 heredis.
1649 3294 1736 3359 Data
1746 3296 1806 3361 sub
1818 3296 1979 3362 communi
1995 3297 2099 3385 sigillo

575 3416 709 3505 capituli
724 3415 811 3500 apud
832 3457 968 3477 .....
990 3411 1072 3474 nl).
1092 3411 1134 3474 15
1153 3416 1170 3451 ยน*
1189 3416 1206 3451 ยน*
1224 3418 1259 3474 et
1274 3409 1480 3476 subscribunt

616 3654 797 3722 Alexander
811 3645 1107 3718 Commendatarius
1199 3648 1361 3712 Robertus
1377 3648 1438 3713 Car
1670 3652 1808 3718 Thomas
1825 3654 1989 3721 Gardener
2006 3657 2097 3722 Prior

618 3773 778 3858 Georgius
793 3773 898 3857 Spena
1201 3765 1344 3830 Andreas
1360 3767 1515 3832 Farmour
1667 3771 1846 3839 Willelmus
1862 3775 2003 3842 Melrose

615 3893 800 3960 Alexander
813 3891 943 3975 Murray
1664 3889 1790 3956 Paulus
1807 3893 2001 3980 Cwnygham

512 4249 555 4314 18
569 4252 825 4316 instrumentum
851 4245 956 4310 sasine
986 4244 1020 4308 io
1045 4245 1186 4310 favorem
1212 4247 1343 4312 Patricii
1371 4247 1504 4331 Murray
1529 4246 1637 4333 vicarij
1662 4249 1702 4314 de
1727 4249 1842 4316 Fovvlis
1869 4275 1966 4340 super
1992 4255 2093 4322 tribus

566 4370 663 4437 bollis
687 4366 873 4433 victualium
898 4363 1064 4429 annuatim
1089 4363 1231 4430 levandis
1256 4365 1296 4430 de
1321 4366 1363 4431 lie
1391 4365 1592 4432 Brevvlandis
1618 4368 1658 4433 de
1684 4370 1845 4457 Ardbany.
1900 4373 2020 4440 Datum
2048 4379 2089 4441 26

567 4488 660 4578 April
674 4489 757 4552 nl).
774 4486 870 4552 1560.
