5734 6700
802 587 851 657 30
970 647 973 653 .
1375 579 1734 660 REGISTRUM

802 813 1033 890 donationem
1054 811 1150 890 illam
1173 839 1281 914 quam
1303 813 1355 890 eis
1372 813 1544 890 Tristram
1563 813 1664 891 dedit
1686 811 1815 891 scilicet
1835 839 1948 888 vnum
1973 811 2125 888 crossum
2145 813 2190 886 in
2230 807 2400 886 serri-

804 947 895 1024 torio
911 946 973 1021 suo
989 946 1035 1022 do
1052 945 1315 1022 Eddnrdoneeh
1332 948 1428 1048 qnod
1444 948 1495 1022 est
1516 947 1751 1048 propinquius
1769 948 1892 1048 stagno
1914 944 2109 1020 molendini
2128 944 2175 1020 de
2199 943 2397 1041 Gorty

804 1079 922 1154 versus
951 1077 1126 1154 orientem
1155 1078 1207 1152 its
1236 1077 1345 1152 bbere
1379 1091 1415 1152 et
1449 1078 1569 1177 quiete
1602 1079 1689 1152 sicut
1721 1076 1868 1152 liberius
1900 1090 1937 1151 et
1970 1075 2129 1176 quiecius
2160 1071 2388 1176 prodisti

804 1211 977 1287 Tristram
1013 1225 1111 1286 carta
1148 1211 1295 1286 testatur
1326 1253 1335 1272 ·
1375 1211 1442 1284 Hii
1470 1212 1551 1286 sunt
1584 1211 1689 1286 testes
1720 1253 1730 1270 ·
1761 1209 1800 1286 G
1829 1209 2097 1285 archidiaconus
2122 1209 2384 1284 Abbraam

804 1341 1006 1444 capellanus
1043 1342 1184 1417 comitis
1226 1342 1367 1418 Bricius
1404 1343 1552 1443 persona
1585 1342 1631 1417 de
1669 1341 1776 1418 Grefe
1816 1340 2003 1441 Philippus
2043 1341 2090 1415 do
2121 1337 2376 1423 melkinoh

805 1473 982 1550 Ricardus
1003 1473 1102 1556 ‹oiles
1126 1475 1171 1550 de
1192 1473 1356 1574 Kynbuk
1379 1474 1558 1548 Ricardus
1581 1473 1716 1549 Innetb
1742 1513 1752 1534 ·
1776 1471 1975 1549 Nicholaus
1997 1473 2044 1549 de
2065 1471 2324 1572 Dolpatrick
2352 1511 2369 1528 ·

805 1605 986 1682 Henricus
1006 1605 1100 1679 silius
1121 1605 1291 1680 Tristram
1315 1603 1501 1682 Gnlsridus
1521 1605 1567 1681 de
1590 1603 1688 1680 Gassr
1705 1605 1883 1689 mabboth
1898 1604 1992 1680 filius
2008 1604 2120 1680 Brani
2142 1601 2362 1679 Gilmech

804 1741 849 1816 dc
865 1739 1017 1815 Dunino
1033 1752 1070 1814 et
1086 1737 1191 1812 multi
1207 1736 1297 1838 aiij·

807 2113 928 2216 Cara
944 2137 990 2213 de
1007 2137 1130 2213 decem
1147 2135 1274 2211 mareis
1291 2136 1330 2209 in
1347 2135 1500 2211 Petcarn
1518 2179 1526 2194 ·

738 2397 786 2470 30
806 2375 1001 2478 Omnibus
1024 2398 1089 2474 has
1114 2396 1233 2473 literas
1258 2396 1379 2472 visuris
1404 2395 1460 2470 vel
1485 2394 1659 2471 audituris
1684 2395 1843 2480 atauus
1871 2425 1990 2474 eomes
2020 2398 2066 2475 de
2096 2401 2314 2506 Stratheryn

803 2533 898 2609 filius
915 2547 951 2608 et
973 2533 1075 2606 heres
1095 2529 1223 2613 malifii
1245 2528 1426 2628 quondam
1448 2527 1587 2602 comitis
1608 2527 1656 2603 de
1683 2527 1898 2630 Stratberyn
1922 2529 2069 2608 salutem
2091 2547 2251 2610 eternam
2270 2536 2314 2612 in

805 2667 952 2743 domino
964 2664 1149 2740 Noueritis
1171 2689 1237 2738 nos
1259 2661 1436 2762 assignasse
1451 2661 1617 2736 abbatem
1633 2674 1670 2756 et
1692 2674 1912 2738 conuentum
1927 2665 1974 2740 de
1991 2665 2108 2742 Insula
2123 2665 2312 2747 missarum

805 2797 853 2874 sd
882 2797 1007 2874 docem
1036 2819 1174 2870 macas
1198 2792 1340 2893 argenti
1364 2793 1410 2868 de
1435 2803 1642 2868 tenemento
1667 2794 1784 2868 nostro
1813 2793 1860 2869 de
1885 2795 2038 2870 Petcarn
2060 2797 2248 2873 annuatim
2272 2813 2312 2876 et

804 2931 843 3004 in
873 2939 1090 3029 perpetuum
1115 2923 1361 3026 percipiendas
1390 2925 1438 2998 ad
1462 2923 1552 2998 duos
1584 2923 1671 2997 anni
1694 2923 1865 3000 terminos
1890 2925 2055 3004 videlieet
2080 2929 2310 3008 medietatem

806 3059 853 3134 ad
885 3058 1013 3133 festum
1043 3055 1253 3130 Ponticostis
1281 3069 1318 3128 et
1344 3053 1450 3128 aliam
1478 3053 1707 3132 medietatem
1733 3055 1780 3129 ad
1808 3055 1935 3132 festum
1962 3058 2070 3136 santii
2096 3061 2247 3143 martini
2270 3063 2310 3136 in

806 3216 911 3292 yeme
942 3231 951 3250 ·
984 3189 1107 3277 Quare
1132 3185 1296 3262 volumus
1325 3185 1553 3262 concedimus
1586 3202 1623 3263 et
1655 3187 1803 3262 firmiter
1837 3190 2065 3292 precipiendo
2098 3195 2310 3270 mandamus

809 3318 987 3403 makbsth
1009 3319 1083 3394 filio
1104 3316 1316 3394 Ferehware
1331 3316 1443 3394 libero
1464 3317 1603 3394 tenenti
1619 3318 1738 3393 nostro
1762 3317 1912 3419 prodisti
1932 3323 2128 3398 tenementi
2149 3338 2187 3400 et
2204 3323 2310 3405 bers-

808 3455 913 3531 dibus
929 3453 999 3528 suis
1014 3450 1071 3526 vel
1090 3449 1265 3551 assignatis
1287 3449 1552 3548 quibuscunque
1572 3462 1747 3549 quotenus
1770 3450 1858 3525 nulli
1879 3450 2091 3530 balliuorum
2109 3459 2309 3538 nostrorum

806 3613 874 3664 neo
890 3584 997 3663 alicui
1016 3583 1075 3660 alii
1097 3583 1160 3657 nisi
1183 3581 1432 3659 tantummodo
1455 3582 1576 3657 abbati
1591 3598 1629 3659 et
1645 3583 1823 3658 aenonicis
1842 3585 1888 3661 de
1901 3584 2096 3661 Inchaffrin
2112 3589 2170 3665 rel
2184 3618 2309 3667 eorum

808 3718 984 3821 assignatis
1004 3717 1050 3793 de
1072 3715 1237 3819 predistis
1254 3713 1378 3789 decem
1394 3715 1520 3797 toarcis
1540 3714 1587 3788 ad
1610 3714 1720 3790 didos
1743 3716 1914 3792 terminos
1934 3718 2172 3817 persoluendis
2190 3722 2309 3823 aliquo

808 3865 969 3948 tempore
985 3847 1219 3947 respondeant
1234 3845 1294 3921 sed
1317 3844 1455 3921 easdem
1478 3846 1622 3947 prefatis
1645 3844 1810 3947 religiosis
1826 3847 1882 3922 vel
1901 3875 2024 3924 eornm
2043 3854 2233 3929 attornatis
2248 3856 2308 3931 sou

807 3982 983 4085 assignatis
999 3982 1087 4057 ficut
1109 3978 1305 4080 predistum
1328 3980 1377 4053 est
1394 3978 1547 4055 fideliter
1567 3994 1605 4057 et
1629 3981 1759 4080 absque
1781 3982 1939 4081 dampno
1956 3983 2134 4061 dilationis
2150 3987 2308 4087 plenarie

808 4113 1009 4215 persulcant
1033 4154 1042 4175 ·
1066 4112 1112 4187 In
1130 4115 1230 4213 cujus
1253 4112 1306 4188 rei
1323 4112 1562 4188 testimonium
1584 4114 1804 4215 presentibus
1827 4114 1978 4215 sigillum
1997 4120 2153 4195 nostrum
2176 4124 2309 4223 apponi

808 4246 992 4323 fecimus·
1023 4245 1123 4320 Data
1146 4242 1244 4347 apud
1269 4242 1485 4345 Innyrpesyr
1511 4245 1550 4319 in
1577 4245 1725 4321 crastino
1754 4246 2038 4324 annunciationis
2064 4251 2167 4328 beate
2189 4254 2307 4336 mario

810 4377 971 4479 Virginis
987 4403 1082 4455 anno
1097 4375 1209 4481 gratie
1225 4375 1401 4461 ‹odlefimo
1419 4384 1497 4453 oe¹²⁰
1513 4378 1719 4479 oeogeomo
1734 4379 1839 4456 tertio
1858 4420 1867 4443 ·
