5734 6700
1126 752 1189 816 DE
1217 752 1550 821 INCHAFFERY.
2029 765 2090 827 131

571 952 728 1018 bollarum
757 953 845 1019 ordei
873 954 1038 1021 annuatim
1068 954 1192 1021 levandi
1221 955 1262 1021 de
1291 956 1383 1022 terris
1413 958 1453 1022 de
1483 960 1743 1027 Tulleehandich.
1788 964 1875 1030 Data
1913 964 2000 1050 apud
2028 967 2091 1031 Ald

571 1072 729 1139 Montroie
743 1074 787 1137 22
802 1073 1000 1160 Septembris
1014 1074 1095 1140 ΑΒ.
1112 1076 1207 1142 15811

509 1431 553 1495 37
570 1429 746 1518 Diocharge
775 1434 817 1519 by
846 1433 901 1498 the
930 1433 998 1499 eaid
1026 1434 1137 1501 Andro
1168 1435 1309 1501 Graham
1337 1447 1371 1502 to
1397 1437 1580 1504 Alexander
1609 1441 1740 1524 Murray
1766 1438 1804 1504 oi
1832 1438 1977 1504 Wodend
2006 1437 2086 1503 from

570 1562 721 1637 payrnent
740 1553 778 1618 oi
793 1553 848 1619 the
867 1555 968 1620 above
988 1554 1107 1620 annual
1124 1556 1293 1622 redeerned
1311 1557 1424 1643 hythe
1440 1578 1556 1623 sowme
1574 1557 1612 1623 of
1627 1557 1696 1644 fisty
1713 1558 1833 1623 markis
1855 1580 1971 1645 money
1985 1559 2088 1625 venali

569 1669 607 1733 oi
616 1669 680 1735 thie
695 1670 822 1737 realrne.
867 1672 998 1738 Perth9
1014 1675 1145 1740 Merche
1158 1674 1240 1739 al).
1257 1676 1352 1741 1594.

507 2034 550 2097 38
568 2032 665 2097 Carta
682 2053 755 2097 oum
779 2044 931 2119 precepto
949 2032 1054 2099 saeine
1078 2034 1119 2099 ab
1134 2034 1317 2099 Alexandro
1340 2036 1473 2121 Murray
1492 2033 1533 2099 de
1554 2033 1699 2099 Wodend
1718 2032 1858 2099 Patricio
1881 2035 2012 2118 Mun-ay
2028 2054 2086 2097 eno

565 2152 632 2217 filio
658 2152 869 2239 primogenito
890 2175 928 2219 ao
949 2152 1071 2239 Egedie
1092 2155 1224 2240 Murray
1246 2153 1311 2220 ilie
1332 2152 1490 2220 Johannis
1512 2154 1644 2239 Murray
1670 2154 1711 2219 de
1737 2152 1952 2219 Tibbermwre
1977 2152 2085 2217 satane

564 2294 680 2360 sponse
701 2272 781 2339 dieti
798 2272 927 2358 Patrioij
942 2272 1030 2338 facta
1048 2294 1107 2358 pro
1127 2272 1312 2359 impletione
1332 2296 1389 2339 aue
1413 2272 1512 2361 partie
1534 2272 1699 2339 cuiusdam
1722 2281 1903 2339 contractus
1925 2270 2086 2339 matrimo-

564 2394 659 2460 nialia
673 2415 770 2481 anper
784 2393 917 2479 triginta
933 2392 1078 2459 solidatis
1093 2404 1249 2459 terrarum
1268 2414 1369 2481 prope
1386 2394 1483 2459 finem
1501 2392 1582 2459 silue
1597 2392 1637 2459 de
1658 2392 1823 2457 Incheviot
1840 2412 1881 2456 ex
1897 2368 2087 2457 oecidentali

563 2524 654 2601 parte
668 2514 812 2579 eiusdem
826 2513 922 2599 vulgo
942 2511 1036 2577 dietis
1051 2511 1198 2578 Wodend
1217 2511 1306 2597 petia
1320 2522 1404 2577 terre
1420 2522 1532 2577 vocata
1551 2510 1593 2577 lie
1609 2512 1701 2577 Rone
1720 2510 1826 2577 insula
1840 2522 1953 2579 vocata
1971 2512 2083 2577 Braid·

561 2632 656 2698 inehe
671 2654 744 2698 eum
758 2630 917 2697 marreeiie
930 2631 1074 2698 eiusdem
1089 2631 1177 2717 petia
1190 2630 1269 2697 silve
1283 2653 1324 2698 ex
1339 2641 1431 2718 parte
1446 2630 1577 2697 australi
1593 2630 1677 2697 dicte
1695 2629 1738 2697 lie
1756 2630 1946 2697 Braidinehe
1961 2630 2084 2699 iacente

561 2752 643 2817 silva
663 2752 703 2817 de
729 2751 895 2818 Inoheviot
920 2751 1076 2839 terrisque
1101 2750 1236 2817 eilvariis
1261 2752 1408 2817 einedeiii
1429 2750 1516 2838 petia
1536 2761 1620 2817 terre
1644 2760 1755 2817 vocata
1781 2750 1823 2817 lie
1843 2751 1932 2817 Blair
1955 2750 2083 2817 Todhill

562 2872 784 2959 lncheualayia
798 2892 873 2938 oum
892 2872 936 2938 lie
956 2872 1170 2959 Langmedow
1184 2882 1218 2937 et
1239 2872 1281 2938 lie
1295 2870 1409 2937 moseia
1430 2870 1665 2937 Aeoornefauld
1687 2892 1760 2937 cum
1775 2872 1921 2939 domibus
1935 2884 1969 2939 et
1983 2873 2084 2939 hortis

561 3013 599 3057 ac
614 3013 686 3058 oum
702 2991 850 3057 omnibus
866 2991 996 3058 decimis
1017 2992 1201 3079 garbalibue
1222 2990 1380 3057 diomrum
1402 3001 1556 3057 terrarum
1571 3000 1605 3057 et
1627 2990 1669 3057 lie
1685 2991 1851 3058 Welloroft
1873 3004 1907 3058 et
1925 2992 1966 3059 lie
1984 3015 2082 3081 grene

560 3110 645 3176 eirth
667 3132 791 3177 necnon
816 3132 914 3199 anper
933 3110 1146 3178 Windmilhill
1167 3109 1380 3199 quadraginta
1400 3109 1544 3176 solidatis
1567 3120 1721 3175 terrarum
1744 3111 1784 3177 de
1808 3111 1985 3179 Thornihill
2007 3136 2081 3181 cum

561 3242 653 3319 prato
675 3241 709 3296 et
725 3251 813 3297 mora
832 3230 974 3297 eiusdem
996 3229 1258 3298 Tulliechandioh
1278 3251 1353 3296 oum
1371 3230 1414 3295 lie
1435 3250 1534 3316 grene
1555 3229 1621 3295 riek
1644 3252 1682 3295 ao
1703 3229 1745 3295 lie
1767 3231 1866 3296 auoht
1886 3232 1984 3319 riggis
2007 3257 2080 3300 cunr

560 3351 760 3440 pertinentiis
789 3363 823 3418 et
851 3349 982 3418 deoimie
1011 3351 1194 3437 garbalibue
1221 3351 1392 3417 earundem
1422 3362 1588 3417 terrarum.
1644 3351 1730 3417 Data
1754 3353 1839 3438 apud
1866 3353 2010 3420 Wodend
2036 3356 2078 3420 28

560 3471 724 3556 Februarii
739 3472 820 3537 A.D.
837 3473 931 3536 1614.
