5734 6700
1097 767 1177 842 DE
1208 762 1615 844 INOHAFFERY.
2082 770 2108 844 9

597 1027 722 1102 preeer
755 1002 864 1076 etism
898 1001 1031 1076 amiens
1063 1026 1163 1078 meos
1192 1013 1230 1076 et
1258 997 1463 1076 hominibus
1495 1011 1533 1076 et
1565 995 1707 1074 baliiuis
1739 997 1828 1072 meis
1861 996 2045 1074 senescallo
2074 1015 2112 1074 et

595 1134 716 1212 Judiei
745 1161 826 1212 meo
852 1133 1010 1236 precipio
1042 1135 1210 1234 quatinus
1244 1159 1327 1210 eum
1361 1131 1497 1208 neeeffe
1533 1130 1641 1206 iirerit
1669 1145 1707 1208 et
1738 1131 1895 1232 requiiiti
1925 1131 2058 1208 suerint
2087 1158 2111 1206 a

594 1268 730 1370 prefate
749 1267 872 1344 Priore
890 1282 927 1344 et
949 1267 1127 1344 ennouieis
1147 1265 1244 1343 omui
1265 1266 1445 1342 oeeaiione
1465 1279 1503 1340 et
1523 1262 1693 1340 dilatione
1718 1279 1856 1341 remota
1875 1266 1916 1340 in
1937 1265 2110 1342 fidelitate

593 1429 701 1504 quam
717 1401 806 1478 mihi
822 1403 956 1478 debent
965 1400 1110 1478 vernant
1123 1401 1170 1476 nd
1181 1401 1337 1502 prefatos
1349 1399 1506 1498 priorem
1518 1412 1555 1474 et
1567 1398 1757 1474 muniens
1773 1414 1810 1476 et
1821 1414 1967 1476 teneant
1978 1399 2111 1501 placita

592 1537 845 1614 eanouieorurn
860 1536 923 1611 nbi
940 1534 1118 1610 mnonieis
1134 1532 1307 1634 plneuerit
1322 1535 1410 1608 sieut
1426 1559 1508 1608 mea
1522 1532 1668 1634 propria
1689 1533 1740 1608 ita
1754 1547 1797 1608 ut
1813 1534 1941 1634 prefati
1956 1534 2055 1635 prior
2070 1549 2108 1610 et

592 1670 755 1746 eanoniei
770 1671 926 1748 habeant
943 1669 1063 1746 omnia
1082 1667 1255 1744 foriffaeta
1274 1681 1311 1742 et
1330 1666 1452 1743 omnia
1471 1693 1542 1766 que
1564 1666 1612 1741 ad
1631 1667 1766 1742 curiam
1785 1693 1903 1742 meam
1926 1667 2106 1768 pertinent

590 1803 684 1880 salva
698 1803 789 1880 mihi
804 1819 841 1880 et
858 1803 1048 1880 heredibus
1065 1802 1152 1878 meis
1165 1802 1306 1903 justicie
1322 1828 1513 1904 corporum
1536 1845 1545 1862 ·
1566 1801 1629 1876 Do
1646 1802 1755 1878 etiam
1775 1802 1906 1878 eisdem
1924 1802 2107 1880 licentiam

590 1937 755 2039 capiendi
768 1963 893 2014 names
907 1937 952 2014 de
965 1935 1128 2012 firmariis
1141 1935 1230 2011 meis
1242 1961 1307 2038 pro
1318 1935 1456 2012 decima
1468 1962 1539 2035 que
1552 1935 1603 2010 eis
1615 1935 1790 2037 eontingit
1802 1936 1849 2012 de
1861 1937 1957 2014 done
1969 1938 2107 2014 decime

589 2097 669 2148 mee
687 2074 713 2146 fi
733 2073 824 2148 ferte
845 2071 893 2146 ad
913 2071 1082 2146 terminus
1104 2071 1253 2146 saturos
1274 2095 1347 2144 nen
1367 2068 1626 2169 persoluerint·
1652 2070 1816 2172 Preeipie
1833 2071 1941 2146 etiam
1956 2072 2107 2147 firmiter

588 2205 692 2307 super
707 2205 918 2282 soisffaeum
937 2229 1060 2280 meum
1076 2203 1307 2278 seruientibus
1324 2204 1413 2278 meis
1430 2203 1574 2299 nequis
1590 2229 1715 2279 eorum
1731 2205 1826 2280 infra
1844 2219 1957 2280 terras
1976 2204 2105 2306 prefati

588 2339 716 2440 prioris
746 2355 782 2415 et
808 2339 1060 2415 canonicorum
1082 2337 1286 2413 violentiam
1305 2337 1363 2413 vel
1385 2337 1678 2414 disturbationem
1702 2339 1857 2440 aliquam
1881 2341 2012 2416 iaciant
2038 2367 2106 2416 nee

589 2473 724 2572 aliquid
736 2474 881 2574 exigant
898 2473 959 2548 niii
976 2498 1041 2572 per
1058 2498 1180 2549 eorum
1197 2470 1418 2548 voluntatem
1436 2486 1473 2547 et
1493 2471 1674 2548 lieentiam
1701 2515 1710 2532 ·
1736 2473 1787 2548 Et
1809 2489 1848 2549 vt
1869 2473 1937 2548 hee
1958 2473 2105 2549 libertas

589 2623 626 2682 et
645 2607 815 2682 enneeffio
836 2631 917 2680 mea
937 2631 960 2680 a
979 2631 1038 2680 me
1058 2619 1095 2680 et
1121 2603 1312 2680 heredibus
1333 2604 1422 2680 meis
1447 2618 1525 2680 rate
1551 2618 1589 2679 et
1616 2605 1817 2682 inconeuffe
1843 2605 2042 2682 hnbeantur
2065 2607 2103 2680 in

588 2754 803 2842 perpetuum
829 2737 970 2836 presens
999 2738 1169 2836 seriptum
1198 2737 1297 2839 tigilli
1321 2738 1393 2814 mei
1417 2739 1630 2839 appendone
1656 2739 1822 2816 reboraui
1846 2739 1932 2814 Hiis
1956 2741 2103 2816 testibus

588 2873 732 2950 domino
749 2871 928 2947 Wiiielmo
946 2871 1089 2947 Abbate
1106 2871 1152 2947 de
1170 2871 1288 2946 Seona
1305 2870 1466 2947 Roberto
1486 2871 1609 2948 Priore
1624 2873 1780 2970 ejusdam
1795 2872 1861 2948 loei
1883 2873 2049 2950 Johanne
2065 2889 2103 2950 et

589 3005 746 3082 Ricardo
771 3022 809 3082 et
832 3005 956 3104 Eungi
980 3003 1170 3106 capellanis
1195 3005 1284 3080 meis
1306 3003 1446 3089 maiiiio
1464 3003 1664 3082 Seneseallo
1681 3033 1763 3082 men
1777 3006 1955 3087 Willeime
1975 3007 2102 3084 eieriee

587 3165 667 3214 men
686 3137 846 3216 Henrieo
861 3135 935 3214 filio
953 3137 1124 3212 Tristram
1141 3150 1177 3212 et
1193 3135 1315 3212 multis
1332 3135 1408 3212 aliis
1427 3179 1438 3198 ·

587 3514 764 3617 Libertas
782 3540 938 3641 piscandi
955 3556 992 3615 et
1015 3539 1217 3640 aucupandi
1238 3564 1448 3639 perennes
1468 3556 1582 3617 terras
1608 3568 1719 3641 aquas
1742 3556 1779 3617 et
1798 3542 1924 3618 iaeus·
1950 3546 2037 3621 item
2053 3548 2100 3621 de

587 3671 732 3749 decimis
756 3672 916 3748 seeundis
942 3685 979 3748 et
1003 3670 1148 3747 libertas
1172 3672 1384 3774 amputandi
1409 3700 1476 3774 per
1498 3673 1619 3749 omnia
1641 3698 1789 3749 nemora
1806 3674 1869 3749 ubi
1891 3678 2035 3775 quande
2060 3691 2097 3754 et

586 3806 946 3909 quantumvolueriut
963 3806 1011 3881 ad
1023 3834 1147 3883 omnes
1158 3808 1241 3881 usus
1260 3850 1268 3869 ·
1287 3808 1372 3882 item
1390 3808 1437 3883 de
1453 3807 1557 3884 terris
1574 3834 1648 3885 non
1665 3807 1794 3885 dandis
1811 3808 1874 3881 nis
1891 3808 1993 3885 saluis
2004 3812 2098 3912 juri-

586 3943 653 4017 bus
670 3957 707 4017 et
723 3941 992 4017 reditudinibns
1009 3940 1109 4017 istius
1126 3941 1334 4040 monasterij
1355 3981 1364 4001 ·

546 4178 784 4281 5Gi1bertus
810 4230 929 4281 eomes
957 4204 1002 4279 de
1034 4202 1245 4305 Stratheryn
1275 4201 1442 4279 omnibus
1467 4206 1582 4281 sande
1611 4204 1733 4289 aratris
1758 4203 1899 4284 eaelefie
1921 4204 2005 4281 filiis
2029 4208 2099 4284 hee

586 4339 752 4439 {criptum
769 4339 889 4413 visuris
905 4338 962 4415 vel
984 4338 1159 4414 audituris
1187 4336 1334 4413 salutem
1353 4336 1512 4413 Nouerit
1531 4338 1733 4415 vniveriitns
1755 4340 1868 4414 vestra
1887 4366 1947 4417 me
1967 4341 2098 4418 dediffe

587 4486 625 4549 et
653 4472 846 4547 eeneeiiiffe
873 4486 909 4547 et
936 4472 1002 4547 hae
1031 4485 1128 4547 carta
1157 4498 1237 4547 mea
1266 4470 1483 4547 coufirmefl'e
1508 4470 1576 4547 deo
1601 4486 1639 4545 et
1662 4472 1765 4547 beate
1789 4472 1906 4554 marie
1931 4488 1968 4549 et
1991 4477 2097 4555 beate

587 4604 744 4681 Johnnni
768 4602 924 4705 apostolo
950 4617 987 4681 et
1011 4604 1190 4679 mnonieis
1217 4604 1262 4679 de
1289 4600 1497 4704 Inehnffryn
1522 4603 1561 4677 in
1586 4628 1716 4703 puram
1737 4616 1775 4678 et
1800 4619 2011 4705 perpetuam
2030 4608 2097 4683 eli.

586 4738 755 4811 mofinam
778 4736 824 4811 de
845 4762 904 4811 me
928 4750 964 4812 et
986 4734 1177 4811 heredibus
1200 4734 1287 4810 meis
1311 4734 1486 4811 decimam
1509 4734 1670 4810 emnium
1691 4734 1876 4810 firmarum
1898 4738 2095 4814 uestrarum

586 4886 623 4945 et
658 4894 825 4947 eanorunt
856 4871 1053 4949 nostrerum
1087 4869 1124 4944 in
1157 4869 1335 4945 frumento
1369 4868 1484 4949 farina
1515 4868 1629 4944 braiio
1661 4894 1774 4969 graue
1806 4868 1904 4945 eafiis
1929 4873 2094 4951 carnibus

1810 5028 1832 5080 u
