5734 6700
1116 790 1196 865 DE
1229 790 1631 869 INOHAFFERY.
2084 802 2133 876 63

613 1021 744 1100 mentis
767 1023 980 1098 omnimodis
1006 1023 1097 1098 infre
1119 1020 1240 1098 villam
1266 1036 1302 1098 et
1328 1035 1430 1097 extra
1455 1036 1562 1123 prout
1587 1021 1734 1097 liberius
1754 1036 1792 1097 et
1817 1024 1976 1123 quiecius
2002 1026 2127 1126 aliquis

612 1153 713 1230 miles
726 1155 882 1254 aliquam
895 1155 1120 1232 elemosinam
1132 1155 1170 1228 in
1185 1168 1260 1229 toto
1271 1180 1383 1255 regno
1399 1154 1520 1230 Scotie
1532 1155 1618 1230 dare
1630 1154 1687 1230 vel
1699 1155 1894 1230 concedere
1908 1159 2009 1255 possit
2023 1199 2032 1217 ·
2046 1158 2128 1257 Ego

611 1313 696 1362 vero
713 1287 827 1363 didius
844 1327 854 1348 ·
872 1290 917 1372 α)
935 1328 945 1348 ·
963 1287 1065 1362 miles
1083 1301 1119 1364 et
1135 1286 1285 1362 heredes
1298 1286 1367 1362 mei
1380 1285 1474 1361 benc
1490 1285 1714 1361 elemosinam
1731 1286 1898 1386 predistis
1910 1287 2077 1389 religiosis
2091 1305 2128 1366 et

611 1445 735 1494 eorum
751 1419 997 1494 successoribus
1014 1417 1179 1494 collatam
1195 1431 1320 1495 contra
1336 1444 1461 1493 omnes
1477 1417 1639 1492 homiues
1652 1432 1688 1492 et
1700 1418 1851 1493 seminas
1863 1418 1901 1492 in
1912 1437 2126 1520 perpetuum

610 1551 921 1625 warantizabimus
946 1550 1166 1651 protigemue
1196 1563 1233 1624 et
1260 1549 1496 1625 defendemus
1520 1563 1629 1649 atque
1657 1547 1806 1624 liberam
1836 1563 1873 1624 ot
1897 1551 2055 1650 quietam
2080 1555 2125 1627 ab

609 1682 708 1760 omni
736 1709 845 1758 onere
875 1682 1057 1758 exaslione
1086 1694 1123 1757 et
1150 1681 1327 1756 demanda
1356 1679 1501 1755 seculari
1530 1694 1566 1756 et
1599 1681 1746 1756 seruicio
1778 1681 1923 1782 penitus
1955 1683 2124 1758 sociemus

609 1833 646 1890 et
675 1813 938 1890 obseruebimus
968 1854 978 1875 ·
1012 1813 1057 1888 In
1087 1814 1189 1913 cujus
1218 1811 1269 1887 rei
1296 1812 1536 1887 testimonium
1564 1811 1648 1886 huic
1674 1812 1803 1913 scripto
1829 1813 1978 1914 sigillum
2004 1842 2124 1891 meum

608 1945 755 2047 apposui
775 1989 783 2005 ·
803 1945 888 2044 Hije
906 1946 1052 2020 testibus
1069 1945 1214 2019 domino
1236 1943 1392 2019 Patricio
1409 1944 1455 2019 de
1474 1943 1637 2018 Graham
1661 1987 1670 2003 ·
1696 1944 1842 2018 domino
1864 1987 1873 2006 ·
1892 1945 1933 2018 N
1957 1989 1966 2006 ·
1990 1948 2123 2022 redere

608 2077 750 2156 ecclesie
768 2081 813 2154 de
835 2079 952 2155 Orelse
970 2078 1042 2154 filio
1060 2105 1140 2153 meo
1160 2121 1168 2138 ·
1187 2077 1349 2178 magistro
1368 2075 1511 2151 Thema
1522 2077 1658 2151 decano
1671 2076 1936 2152 Dunblanensis
1954 2078 2094 2156 ecclesie
2113 2124 2121 2140 ·

609 2212 770 2312 magistro
793 2213 949 2288 Ricardo
970 2213 1015 2287 de
1040 2211 1253 2313 Stryuyllyn
1277 2211 1434 2311 ejusdem
1455 2209 1597 2285 ecclesie
1618 2211 1788 2286 canonico
1815 2253 1823 2270 ·
1846 2211 1990 2288 domino
2018 2214 2084 2290 ·G
2112 2259 2120 2274 ·

608 2345 756 2445 persona
772 2344 817 2419 de
836 2343 972 2444 Oomry
999 2387 1008 2404 ·
1036 2343 1182 2417 domino
1201 2385 1209 2402 ·
1228 2343 1253 2417 J
1280 2385 1289 2402 ·
1314 2341 1463 2442 persona
1479 2342 1524 2416 de
1541 2340 1734 2442 Buffyddir
1757 2383 1766 2402 ·
1789 2343 1935 2418 domino
1951 2344 2121 2421 Doneldo

609 2479 744 2554 decano
761 2478 806 2552 de
823 2476 976 2561 methell
993 2520 1004 2536 ·
1022 2475 1204 2552 Willelmo
1222 2473 1348 2550 clerico
1366 2488 1403 2551 et
1419 2473 1542 2548 multis
1559 2473 1661 2572 alijs·

612 2849 732 2954 Caria
749 2875 794 2950 ie
810 2873 1029 2974 lapidicina.

542 3139 589 3214 64
610 3113 802 3214 Omnibus
825 3140 1003 3240 presentes
1020 3137 1141 3215 literas
1158 3137 1279 3214 visuris
1296 3138 1352 3214 vel
1369 3138 1544 3213 audituris
1563 3179 1572 3197 ·
1595 3139 1639 3222 α)
1666 3177 1675 3196 ·
1702 3164 1820 3214 comes
1837 3138 1882 3214 de
1901 3141 2114 3245 Stratheryn

605 3271 752 3347 salutem
769 3272 806 3346 in
824 3271 970 3347 domino
998 3315 1006 3332 ·
1031 3271 1218 3349 Noueritis
1237 3297 1304 3346 nos
1323 3271 1454 3346 dedisse
1470 3286 1507 3349 et
1528 3273 1722 3349 concessisse
1739 3286 1776 3350 et
1799 3273 1867 3350 bac
1884 3291 1982 3353 carta
1997 3281 2115 3355 nostra

603 3406 822 3481 confirmasse
846 3431 912 3505 pro
937 3406 1040 3480 nobis
1063 3418 1099 3481 et
1122 3404 1311 3480 heredibus
1334 3402 1459 3478 nostris
1482 3404 1519 3478 in
1545 3431 1672 3506 puram
1694 3420 1732 3481 et
1747 3422 1957 3508 perpetuam
1981 3410 2114 3488 elemo-

602 3538 710 3611 finam
740 3536 824 3611 Deo
859 3550 895 3611 et
928 3538 1033 3611 beate
1058 3536 1176 3620 marie
1205 3550 1242 3611 et
1265 3536 1371 3610 beato
1401 3534 1560 3611 Johanni
1588 3536 1743 3635 apostolo
1773 3553 1809 3614 et
1838 3540 2052 3642 euangeliste
2076 3558 2113 3619 et

600 3666 766 3769 religiosis
783 3666 865 3741 viris
890 3667 1012 3743 abbati
1038 3680 1074 3742 et
1098 3666 1291 3742 conuentui
1314 3666 1359 3741 de
1385 3666 1507 3741 Insula
1530 3667 1715 3750 missarum
1740 3670 1895 3747 caritatis
1920 3673 2052 3749 intuitu
2075 3688 2112 3750 et

601 3826 667 3903 pro
683 3800 793 3875 salute
815 3800 932 3875 anime
954 3801 1071 3875 nostre
1094 3814 1131 3875 et
1147 3800 1401 3875 antecessorum
1423 3803 1622 3876 nostrorum
1643 3801 1826 3877 licenciam
1843 3819 1881 3879 et
1902 3809 2110 3905 potestatem

601 3930 853 4033 inperpetuum
887 3931 1047 4007 fodiendi
1081 3947 1119 4007 et
1151 3931 1291 4006 secandi
1325 3930 1462 4032 lapides
1497 3933 1535 4006 in
1568 3932 1760 4033 lapidicina
1794 3936 1911 4011 nostra
1943 3952 1980 4036 et
2016 3954 2111 4015 terra

601 4068 718 4143 nostra
744 4066 790 4141 de
811 4064 1029 4165 Nethirgallr
1053 4065 1100 4138 ad
1122 4062 1299 4139 ecclesiam
1316 4065 1414 4138 suam
1436 4079 1474 4140 et
1497 4067 1655 4141 officinas
1671 4068 1749 4141 suas
1771 4093 1813 4141 ac
1828 4069 1950 4144 omnia
1971 4073 2110 4149 edificia

601 4198 640 4271 in
656 4197 749 4273 didio
764 4197 973 4271 monasterio
990 4222 1055 4296 pro
1068 4195 1250 4271 voluntate
1262 4195 1323 4269 sua
1336 4197 1570 4272 construenda
1583 4238 1592 4257 ·
1608 4197 1847 4273 Oonceslimus
1859 4199 1965 4275 etiam
1979 4202 2108 4279 eisdem

601 4355 667 4430 per
683 4342 795 4404 totam
818 4342 950 4403 terram
976 4329 1130 4403 nostram
1152 4328 1197 4401 de
1219 4327 1441 4428 Nethirgask
1462 4327 1614 4405 liberum
1635 4333 1821 4406 transitum
1842 4332 1891 4407 ad
1911 4335 2106 4435 predislam

599 4459 827 4562 lapidiciuam
850 4459 1035 4535 introitum
1059 4460 1097 4534 in
1118 4460 1269 4535 eandem
1296 4474 1332 4536 et
1357 4460 1510 4537 liberum
1535 4461 1673 4537 exitum
1697 4488 1781 4539 cum
1802 4463 2006 4542 hominibus
2027 4471 2107 4545 ani·

599 4592 752 4667 malibus
769 4590 950 4693 quadrigis
970 4590 1120 4668 vesturii
1136 4592 1402 4692 quibuscunque
1418 4592 1556 4694 lapides
1573 4592 1786 4669 ducentibus
1802 4595 1861 4671 seu
1877 4600 2105 4697 portantibus

599 4737 637 4797 et
655 4722 743 4795 duas
760 4746 861 4797 acras
877 4734 971 4797 terre
987 4720 1079 4796 disis
1094 4719 1286 4822 lapidicine
1307 4748 1351 4797 ex
1374 4736 1476 4823 parte
1493 4722 1701 4800 occidentali
1721 4726 1884 4826 proximo
1901 4730 2105 4830 adjacentes
2170 4732 2174 4743 '

599 4866 638 4929 vt
663 4852 798 4929 ibidem
822 4852 960 4955 lapidee
976 4878 1065 4953 quos
1088 4854 1215 4954 possint
1232 4852 1395 4955 colligere
1420 4870 1457 4931 et
1474 4854 1623 4931 domum
1646 4855 1683 4932 in
1700 4884 1772 4957 qua
1786 4861 1928 4963 eosdem
1944 4862 2105 4945 incidant
