5734 6700
1077 777 1156 853 DE
1183 714 1588 856 INOHAFFERY.
2037 783 2089 864 '17

574 1017 738 1094 celliones
754 1027 792 1089 et
808 1013 1096 1088 confirmationes
1113 1012 1321 1096 (comitano
1330 1011 1376 1086 de
1389 1000 1600 1112 lncbaffryn
1616 1025 1654 1086 ct
1669 1012 1848 1088 canonicis
1863 1013 1998 1089 ibidem
2014 1014 2082 1089 deo

574 1145 809 1223 seruientibus
825 1158 863 1222 et
878 1144 1061 1221 seruituris
1085 1143 1193 1220 factas
1214 1144 1319 1243 super
1343 1141 1486 1219 ecclelia
1500 1142 1547 1219 de
1562 1144 1789 1246 stladdimin
1812 1171 1893 1221 cum
1917 1148 2083 1222 omnibus

576 1277 802 1379 pertinentiis
822 1276 891 1352 suis
908 1291 945 1352 et
962 1277 1065 1378 super
1081 1291 1175 1351 terra
1199 1277 1244 1351 dc
1261 1275 1486 1377 oeaddimirn
1507 1302 1576 1376 qua
1596 1275 1746 1352 Abthan
1765 1277 1896 1354 dicitur
1920 1293 1956 1354 ct
1980 1281 2084 1381 super

576 1409 676 1510 quita
692 1407 901 1484 clamatione
916 1408 964 1484 dc
982 1407 1082 1484 Onus
1107 1419 1145 1483 et
1166 1406 1354 1485 Gonousth
1371 1433 1441 1506 quc
1460 1405 1576 1484 cleriei
1595 1407 1869 1485 Dnnlrcldenses
1889 1408 1935 1485 de
1957 1411 2081 1486 eadem

577 1541 725 1618 Abthan
738 1541 935 1642 antiquitus
951 1541 1132 1642 percipere
1143 1541 1401 1616 consueusrunt
1416 1583 1424 1600 ·
1438 1555 1569 1616 etcum
1582 1541 1628 1615 de
1639 1543 1724 1640 jure
1736 1568 1809 1616 non
1826 1543 2005 1644 poffumus
2017 1569 2084 1619 nec

577 1673 741 1750 volumus
763 1699 888 1750 eorum
912 1673 1058 1749 honesto
1082 1673 1172 1748 fado
1197 1672 1324 1771 injuste
1349 1672 1522 1748 contraire
1546 1697 1613 1747 nec
1636 1673 1715 1772 pias
1735 1698 1858 1749 eorum
1880 1671 2084 1750 collationes

577 1807 729 1908 pauperi
757 1807 964 1892 monasterio
992 1806 1099 1880 factas
1126 1806 1304 1880 infirmare
1330 1831 1395 1879 nos
1422 1804 1548 1880 eodem
1572 1803 1697 1904 spiritu
1720 1806 1864 1904 pietatis
1892 1806 1988 1882 ducii
2012 1833 2084 1908 quo

579 1956 616 2017 et
643 1939 693 2016 illi
722 1939 767 2016 dc
794 1941 960 2018 consensu
990 1938 1136 2040 capituli
1165 1939 1305 2016 ecclelia
1334 1938 1597 2014 Dunkeldenlis
1620 1937 1830 2014 donationes
1855 1941 2087 2016 concelliones

581 2086 618 2149 et
641 2073 927 2149 confirmationes
951 2072 1042 2148 dide
1068 2071 1207 2148 ecclesio
1231 2085 1268 2146 st
1288 2070 1439 2172 predicti
1460 2067 1610 2144 Abthan
1629 2084 1668 2146 ct
1690 2071 1925 2172 supradictam
1949 2072 2086 2172 quitum

581 2203 827 2282 clamationem
853 2205 981 2280 eisdem
1008 2203 1187 2280 canonicis
1208 2203 1315 2278 nan
1339 2215 1434 2278 ratas
1458 2215 1495 2276 et
1519 2217 1640 2303 gratas
1660 2203 1833 2280 habentes
1858 2205 2084 2280 concedimus

582 2353 619 2416 ot
636 2339 890 2442 inperpetuum
907 2339 1159 2413 confirmamus
1176 2334 1270 2410 sclua
1291 2331 1393 2410 nobis
1416 2347 1454 2412 et
1467 2336 1718 2412 succefforibus
1740 2337 1866 2412 nostris
1881 2364 1953 2413 vna
1971 2363 2088 2422 ‹oarca

582 2471 721 2573 argenti
739 2471 925 2546 mnuatim
946 2471 992 2546 da
1012 2471 1137 2546 eodem
1160 2468 1311 2544 Abthun
1330 2467 1563 2566 persoluenda
1584 2470 1631 2544 ad
1650 2470 1741 2546 duos
1765 2471 1936 2546 terminos
1961 2469 2089 2546 scilicet

583 2603 775 2681 medietate
811 2605 858 2679 ad
891 2602 1113 2679 Ponticclten
1148 2617 1185 2679 ct
1221 2601 1415 2676 medietato
1444 2603 1492 2676 ad
1518 2602 1645 2678 festum
1677 2602 1783 2678 sancti
1818 2603 1969 2685 martini
2001 2606 2088 2678 licut

583 2738 819 2841 predidlorum
854 2737 1094 2838 cpiscoporum
1129 2734 1316 2812 autenticis
1349 2735 1523 2810 contineri
1555 2736 1759 2811 inuenimus
1798 2778 1807 2796 ·
1847 2735 2089 2813 Gonccdimus

585 2871 691 2949 etiam
726 2870 847 2947 abbati
881 2885 918 2946 et
951 2867 1128 2945 canonicis
1154 2867 1300 2969 prodidi
1328 2867 1524 2969 ‹nonalterij
1556 2882 1743 2944 eteorum
1775 2870 2022 2945 firocefl'oribus
2051 2871 2090 2944 in

585 3017 800 3106 perpetuum
827 3017 866 3078 vt
893 3001 1085 3103 predidam
1114 2998 1290 3074 ecclesiam
1319 2999 1355 3072 in
1383 2999 1487 3074 bonis
1519 2998 1775 3100 temporalibus
1805 2999 2020 3076 omnimodis
2052 3001 2091 3075 in

590 3135 665 3210 vsos
690 3135 770 3210 suns
795 3133 957 3235 proprios
980 3159 1046 3234 pro
1076 3131 1135 3206 sue
1159 3130 1350 3206 voluntatis
1379 3130 1526 3206 arbitrio
1554 3146 1766 3208 conuertunt
1789 3131 1952 3207 faciendo
1975 3133 2091 3207 eidem

590 3267 730 3346 ecclelia
746 3293 811 3369 per
831 3267 1013 3369 ydoneum
1037 3263 1259 3367 capellanum
1281 3264 1339 3340 vel
1359 3267 1384 3339 fi
1408 3263 1599 3340 maluerint
1621 3291 1686 3367 per
1709 3263 1862 3366 aliquem
1883 3267 2093 3342 canonicum

590 3402 636 3476 dc
651 3401 713 3476 suo
729 3398 877 3500 collegio
890 3396 1054 3473 deseruiri
1070 3396 1172 3473 saluis
1189 3396 1443 3499 episcopalibus
1467 3436 1477 3459 ·
1504 3396 1550 3471 In
1567 3398 1670 3495 cujus
1686 3398 1738 3472 rei
1755 3398 1994 3474 testimoninm
2010 3398 2095 3473 huic

589 3532 717 3635 scripto
732 3531 882 3635 ligillum
899 3532 1057 3605 nostrum
1069 3530 1294 3630 apposuimus
1313 3572 1322 3590 ·
1340 3530 1481 3605 Datum
1493 3528 1593 3629 apud
1611 3528 1831 3629 Tybcrmorc
1843 3544 1971 3629 quarto
1983 3558 2096 3606 nonas

589 3664 743 3767 Augusti
769 3689 864 3739 anno
892 3661 1028 3738 domini
1057 3660 1236 3737 millsfimo
1262 3668 1340 3737 00²⁰
1368 3662 1580 3763 sexagelimo
1608 3662 1717 3737 tertio
1741 3662 1970 3763 pontificatus
1991 3663 2099 3739 nostri

589 3824 684 3875 auno
718 3795 929 3873 duodecimo
954 3837 964 3855 ·
991 3793 1077 3894 Hijs
1105 3794 1251 3869 testibus
1279 3794 1443 3895 magistro
1469 3793 1629 3869 Roberto
1647 3794 1709 3869 -de
1739 3792 1935 3896 Streuillyn
1963 3795 2099 3871 domno

590 3926 853 4006 Dunlssldanfis
878 3925 1018 4003 ecclelia
1045 3968 1054 3985 ·
1077 3924 1239 4027 magistro
1256 3924 1398 4000 Thema
1414 3925 1460 4001 da
1477 3924 1589 4000 Perth
1604 3925 1743 4000 officiali
1759 3927 1876 4001 nostro
1902 3966 1912 3986 ·
1933 3927 2097 4029 magistro

589 4060 711 4137 David
722 4058 800 4135 Boll
817 4056 987 4135 canonico
1002 4056 1249 4135 Dunkeldsnfi
1263 4058 1429 4133 ·domino
1445 4057 1589 4133 Thoma
1604 4057 1776 4134 canonico
1792 4059 1838 4135 de
1859 4058 1978 4135 Insula
1988 4060 2093 4136 unci

592 4191 767 4269 Oolnmbc
785 4232 795 4253 ·
812 4188 990 4265 Willslmo
1007 4190 1145 4265 rectore
1162 4188 1303 4265 ecclsiis
1320 4189 1365 4265 ds
1382 4188 1558 4291 &lukyrsy
1573 4204 1610 4265 ct
1626 4188 1731 4288 alijs·
