5734 6700
1092 751 1173 826 DE
1202 747 1605 827 INOHAFFERY.
2061 757 2109 825 15

589 997 627 1060 et
650 980 876 1084 Euangeliste
901 981 947 1056 de
973 979 1092 1056 Insula
1120 979 1306 1064 miffarum
1331 994 1368 1056 et
1393 979 1532 1056 Abbati
1555 994 1594 1056 et
1619 979 1827 1058 Conuentui
1855 980 2012 1082 ejusdem
2036 980 2105 1057 loci

588 1117 626 1190 in
655 1139 783 1216 puram
808 1129 846 1190 et
869 1127 1082 1214 perpetuam
1109 1110 1332 1189 elemofincm
1359 1112 1432 1189 duo
1459 1113 1551 1190 tofta
1574 1127 1611 1189 et
1633 1127 1786 1213 quatuor
1812 1138 1911 1189 aerae
1940 1128 2035 1188 terre
2059 1129 2104 1190 -et

586 1247 765 1348 pasturam
795 1245 922 1348 viginti
949 1271 1137 1321 vaccarum
1163 1259 1200 1320 et
1226 1245 1408 1346 sexaginta
1438 1245 1560 1321 ouium
1586 1260 1623 1322 et
1652 1247 1805 1321 duorum
1831 1271 2006 1347 equorum
2032 1273 2104 1348 que

585 1380 751 1454 dominus
778 1380 957 1456 Robertue
983 1379 1028 1455 de
1053 1379 1204 1463 melden
1233 1405 1299 1478 per
1323 1379 1494 1456 affensum
1519 1379 1663 1455 domine
1688 1378 1811 1456 Soline
1835 1381 1953 1455 vxoris
1980 1381 2039 1457 sue
2066 1395 2103 1456 et

585 1511 777 1588 liberorum
799 1513 941 1588 suorum
963 1512 1013 1588 eis
1037 1511 1137 1588 dedit
1157 1511 1195 1584 in
1216 1509 1298 1586 ville
1318 1511 1365 1587 de
1382 1512 1621 1613 Keneydhem
1637 1538 1708 1612 que
1723 1512 1793 1587 elio
1808 1513 1953 1588 nomine
1970 1513 2101 1588 dieitur

586 1646 781 1749 Dolpatrik
806 1673 890 1722 cum
915 1647 1080 1726 omnibus
1105 1645 1181 1720 aliis
1206 1647 1455 1722 communibus
1480 1646 1691 1722 aifiamentis
1717 1646 1875 1749 ejusdem
1899 1647 1981 1723 ville
2004 1647 2100 1722 Ten·

584 1781 695 1857 endas
725 1782 788 1856 fibi
817 1795 853 1857 et
882 1781 1104 1882 poffidendae
1139 1780 1404 1880 imperpetuum
1418 1861 1422 1870 ,
1438 1781 1490 1856 ita
1520 1779 1631 1855 libere
1660 1795 1697 1856 et
1726 1767 1845 1880 quiete
1875 1781 2032 1882 plenarie
2063 1795 2101 1857 et

583 1915 776 1991 honorifice
800 1918 888 1992 ficut
918 1915 1014 1990 idem
1043 1913 1210 1988 dominus
1241 1913 1422 1989 Robertue
1449 1913 1501 1990 eie
1527 1914 1654 1989 eadem
1683 1928 1781 1989 carte
1809 1915 1870 1988 sua
1896 1914 2101 1998 indefecta

583 2055 770 2128 confirmat
799 2051 893 2128 saluo
922 2065 1000 2126 toto
1026 2048 1196 2125 forinseco
1225 2047 1370 2125 ieruicio
1401 2048 1498 2148 quod
1524 2062 1599 2123 tam
1623 2048 1694 2149 ipse
1723 2049 1889 2123 dominus
1916 2050 2099 2126 Robertus

584 2213 691 2288 quam
716 2186 865 2262 heredes
888 2185 938 2260 sui
961 2211 1027 2285 pro
1043 2182 1190 2282 prefatis
1207 2181 1352 2258 Abbate
1370 2195 1406 2257 et
1423 2195 1606 2257 conuentu
1626 2181 1663 2256 in
1680 2196 1895 2283 perpetuum
1912 2184 2099 2284 adquieta-

583 2320 676 2394 bunt
690 2321 778 2394 ficut
795 2319 866 2418 ipse
883 2319 920 2392 in
937 2317 1095 2419 predicte
1111 2329 1209 2392 certa
1224 2315 1286 2390 sua
1302 2317 1473 2390 testatur·
1493 2315 1576 2390 Hiie
1594 2316 1739 2391 testibus
1754 2355 1764 2376 ·
1777 2316 1924 2392 domino
1942 2319 1978 2392 R
1998 2363 2006 2378 ·
2025 2320 2098 2396 filio

584 2453 714 2555 Lugen
734 2453 844 2537 milite
860 2479 963 2527 meo·
979 2451 1035 2525 B·
1053 2452 1100 2528 de
1117 2451 1231 2525 dunin
1249 2448 1432 2526 senescallo
1449 2475 1531 2525 meo
1549 2450 1717 2525 ·domino
1735 2451 1795 2524 R·
1814 2451 2019 2552 capellano·
2035 2455 2097 2530 H·

584 2585 657 2660 filio
685 2585 857 2660 Triitram
884 2585 1049 2660 rennario
1083 2610 1163 2660 meo
1192 2624 1201 2646 ·
1234 2583 1273 2660 G
1301 2624 1310 2644 ·
1339 2583 1384 2658 de
1411 2583 1569 2666 morauie
1596 2625 1606 2644 ·
1638 2583 1811 2659 Tristram
1838 2585 1884 2662 de
1911 2585 2032 2689 Gorty¹
2060 2604 2097 2664 et

586 2717 707 2793 multis
724 2716 803 2792 aliie
821 2759 830 2778 ·

591 3085 712 3188 Certa
729 3111 885 3190 Gilberti
901 3109 1041 3186 comitis
1058 3109 1103 3184 de
1120 3107 1225 3185 terrie
1242 3107 1493 3184 canonicorum
1513 3149 1521 3166 ·

523 3384 571 3457 13
592 3352 786 3469 Gilbertus
804 3402 922 3453 eomes
938 3378 985 3453 de
1000 3375 1215 3477 Stretheryn
1231 3374 1397 3450 omnibus
1414 3374 1537 3450 amicis
1553 3388 1591 3450 et
1605 3374 1810 3451 hominibus
1826 3378 1895 3455 suis
1911 3377 2047 3455 clericis
2063 3392 2101 3455 et

585 3514 684 3590 laicis
708 3512 854 3588 salutem
881 3512 1007 3587 Sciant
1032 3511 1213 3612 presentes
1238 3520 1274 3585 et
1298 3509 1410 3585 futuri
1433 3536 1493 3585 me
1513 3508 1658 3610 pietatis
1680 3511 1816 3588 intuitu
1840 3526 1878 3589 et
1899 3540 1965 3614 pro
1989 3512 2100 3589 salute

585 3646 704 3722 anime
737 3672 816 3721 mee
844 3658 880 3720 et
909 3642 1063 3727 matildis
1091 3642 1261 3718 comitifl'e
1291 3641 1337 3717 de
1364 3640 1580 3745 Stratheryn
1612 3645 1731 3719 vxorie
1757 3658 1796 3721 et
1824 3646 1937 3747 patris
1965 3646 2037 3721 mei
2063 3659 2101 3720 et

586 3780 707 3865 matris
729 3806 809 3855 mee
831 3778 1061 3853 etheredum
1088 3802 1251 3851 meorum
1275 3774 1406 3851 dedifl'e
1436 3787 1475 3850 et
1504 3777 1699 3853 conceffifl'e
1728 3793 1766 3854 et
1794 3778 1863 3854 hac
1892 3794 1992 3855 carta
2017 3805 2100 3854 mee

585 3914 807 3991 confirmasse
835 3912 920 3987 Deo
955 3926 992 3988 et
1026 3908 1168 3986 ecelefie
1201 3909 1307 3984 santii
1337 3908 1514 3985 Johannis
1540 3910 1704 4011 Apostoli
1730 3926 1767 3987 et
1796 3911 2024 4013 Euangeliste
2052 3914 2099 3988 de

586 4045 790 4121 Inchaffren
813 4058 850 4119 et
867 4042 1046 4119 canonicis
1069 4041 1202 4117 ibidem
1227 4042 1296 4117 deo
1319 4040 1553 4117 seruientibus
1575 4055 1612 4117 et
1631 4042 1811 4118 seruitutis
1835 4057 1949 4118 tetam
1965 4059 2097 4121 terram

587 4181 633 4257 de
651 4178 837 4277 Ardewny
856 4204 921 4277 per
945 4176 1057 4251 redies
1080 4174 1209 4249 diuisas
1228 4176 1308 4249 sues
1328 4188 1365 4249 et
1386 4200 1470 4248 eum
1490 4174 1658 4249 omnibus
1668 4176 1772 4277 justis
1788 4176 2013 4277 pertinentiis
2029 4179 2098 4253 suis

587 4328 624 4389 et
644 4324 758 4387 totam
781 4324 914 4385 terram
931 4310 977 4385 de
993 4306 1175 4383 Achlonxi
1195 4333 1260 4408 per
1278 4309 1390 4383 rectas
1411 4306 1536 4382 divisae
1556 4309 1635 4383 suae
1656 4323 1694 4384 et
1716 4335 1799 4385 cum
1816 4311 1982 4385 omnibus
1993 4312 2099 4409 justis

587 4444 813 4549 pertinentiis
830 4444 898 4518 suis
915 4456 1081 4519 ettotam
1099 4454 1230 4517 terram
1248 4442 1293 4516 de
1310 4441 1497 4516 Duffindir
1512 4470 1579 4544 per
1594 4446 1707 4520 rectas
1724 4445 1852 4521 diuisae
1867 4447 1946 4522 suae
1962 4463 1999 4524 et
2015 4476 2097 4526 cum

586 4579 752 4656 omnibus
772 4576 878 4678 justis
900 4574 1125 4677 pertinentiis
1147 4588 1185 4649 et
1207 4588 1321 4649 totam
1342 4588 1476 4651 terram
1497 4574 1595 4650 illam
1616 4577 1662 4653 de
1681 4576 1894 4682 Giaddyryn
1910 4608 1983 4680 que
1999 4586 2096 4661 cnti-

587 4713 707 4814 quitue
730 4710 895 4786 Abbecia
917 4709 1115 4785 vocabamr
1138 4734 1204 4811 per
1227 4708 1340 4783 rectas
1365 4708 1495 4783 diuisae
1524 4709 1602 4784 suae
1627 4724 1664 4785 et
1694 4737 1777 4786 eum
1802 4715 1969 4791 omnibus
1992 4720 2096 4817 justis

586 4844 809 4951 pertinentiis
830 4842 899 4919 suis
917 4842 1109 4920 Tenendcs
1132 4842 1171 4917 in
1194 4840 1341 4917 liberam
1365 4868 1492 4943 puram
1518 4858 1555 4920 et
1579 4860 1794 4945 perpetuam
1814 4846 2031 4926 climofinem
2055 4854 2094 4929 in
