5734 6700
1096 763 1175 840 DE
1207 763 1616 844 INGHAFFERY.
2085 773 2109 841 5

593 999 640 1074 od
662 998 923 1078 dedicationem
940 999 1073 1102 oopelle
1089 1001 1196 1104 ipfins
1221 1042 1231 1065 ·
1259 1003 1341 1080 Hoc
1357 1003 1468 1105 igitur
1484 1002 1605 1078 omnic
1620 1028 1704 1078 cum
1721 1001 1886 1078 omnibns
1902 1001 1950 1076 od
1966 1027 2009 1076 eo
2025 1027 2110 1101 per-

593 1131 789 1209 tinentibus
805 1130 968 1209 volumus
987 1147 1030 1210 nt
1048 1134 1207 1236 prefatus
1226 1133 1385 1220 melisius
1403 1151 1441 1210 et
1462 1135 1613 1210 universi
1634 1160 1717 1209 oum
1738 1159 1781 1210 eo
1799 1130 1858 1209 vel
1876 1134 1953 1232 post
1970 1159 2054 1210 eum
2071 1133 2109 1208 in

592 1264 731 1366 prelata
746 1263 858 1340 insule
869 1264 953 1342 Deo
965 1265 1154 1342 servientes
1166 1281 1204 1342 et
1214 1265 1375 1343 servituri
1391 1265 1430 1342 in
1446 1293 1534 1366 pace
1547 1266 1621 1342 Dei
1633 1281 1670 1344 et
1683 1266 1820 1344 domini
1834 1266 1930 1368 regis
1942 1281 1979 1342 et
1991 1267 2110 1341 nostra

591 1409 740 1472 teneant
759 1409 797 1472 et
815 1395 1011 1498 possideant
1027 1397 1073 1472 de
1095 1397 1198 1473 nobis
1221 1413 1258 1474 et
1280 1397 1471 1474 heredibus
1493 1399 1620 1474 nostris
1635 1399 1673 1474 in
1696 1425 1823 1498 puram
1840 1413 1878 1474 et
1897 1413 2110 1500 perpetuom

592 1527 815 1604 elemosinam
835 1555 901 1632 pro
917 1529 1027 1606 solute
1042 1531 1161 1606 nosirs
1179 1545 1217 1607 et
1236 1528 1428 1606 liberorum
1449 1545 1707 1606 nostrorumst
1728 1531 1889 1608 omnium
1911 1531 2110 1606 amicorum

593 1675 797 1738 nostromm
823 1677 860 1738 et
885 1689 949 1764 pro
977 1663 1163 1738 enimnbus
1189 1663 1351 1738 omnium
1378 1665 1635 1741 cnteoefforum
1658 1665 1858 1739 nostrornm
1880 1677 1917 1739 et
1940 1663 2110 1764 precipue

592 1821 657 1897 pro
676 1795 799 1872 enimc
815 1795 959 1874 Gilcrist
979 1797 1207 1900 primogeniti
1227 1796 1335 1872 nostri
1357 1796 1491 1874 ibidem
1516 1794 1725 1897 quiescentis
1752 1835 1762 1856 ·
1789 1796 1842 1871 ito
1859 1794 1969 1871 libere
1988 1795 2110 1894 quiete

593 1927 750 2028 plenarie
767 1943 805 2005 et
823 1929 1019 2006 honorifice
1035 1933 1123 2007 sicut
1142 1929 1261 2030 alique
1279 1931 1409 2006 domus
1423 1928 1604 2030 religionis
1619 1927 1657 2002 in
1682 1902 1759 2004 toto
1774 1953 1888 2029 regno
1904 1925 2110 2004 Scottorum

590 2061 669 2136 suus
686 2061 904 2162 possessiones
920 2061 1065 2138 liberius
1080 2063 1241 2162 quieoius
1266 2060 1449 2164 plenarius
1470 2077 1509 2138 et
1530 2060 1822 2137 honorificentius
1844 2075 1945 2137 tenet
1968 2075 2005 2137 et
2028 2062 2109 2162 pos-

593 2195 681 2272 sidet
708 2236 717 2254 ·
745 2193 924 2270 Omnibus
940 2222 1024 2271 vero
1040 2197 1167 2272 nostris
1183 2221 1229 2271 ex
1246 2207 1349 2297 perte
1364 2194 1439 2272 Dei
1459 2210 1496 2272 et
1515 2197 1634 2271 nostru
1648 2195 1799 2271 firmiter
1817 2195 2046 2297 prohibemus
2062 2223 2110 2270 ne

595 2326 780 2426 quisquam
797 2353 919 2402 eorum
938 2327 1056 2406 eidem
1072 2327 1150 2403 loco
1167 2327 1222 2404 vel
1242 2329 1320 2428 ejus
1343 2327 1511 2402 ministris
1526 2331 1596 2404 five
1611 2328 1720 2405 etiem
1740 2353 1805 2429 pro
1824 2352 1914 2429 poce
1929 2327 2111 2428 querende

596 2459 643 2536 cd
672 2483 756 2534 eum
782 2457 1069 2560 oonsirgientibus
1094 2459 1228 2560 aliquid
1253 2459 1411 2536 molestie
1436 2459 1495 2537 vel
1519 2460 1651 2562 injurie
1675 2460 1804 2535 inserat
1827 2461 1932 2560 super
1956 2461 2110 2534 nostram

596 2592 792 2695 plenarium
815 2592 1067 2670 sorissotlurem
1092 2635 1103 2654 ·
1128 2595 1333 2695 quicunque
1348 2620 1432 2670 vero
1453 2595 1650 2670 amicorum
1669 2594 1726 2670 vel
1744 2594 1904 2670 fidolium
1923 2593 2110 2669 bominum

594 2727 793 2802 nostrornm
806 2725 923 2802 eidem
939 2724 1017 2802 loeo
1029 2726 1148 2827 ulique
1162 2727 1209 2802 de
1225 2727 1295 2802 suis
1310 2726 1539 2802 secultotibus
1552 2727 1739 2804 caritetiue
1749 2726 1940 2802 contulerit
1951 2725 2111 2802 conferet

597 2860 631 2936 ei
654 2858 821 2934 dominus
843 2859 938 2934 bono
960 2860 998 2933 in
1021 2873 1117 2936 terre
1137 2859 1341 2936 uiuentium
1369 2903 1377 2920 ·
1404 2859 1516 2936 Fata
1537 2861 1588 2936 est
1608 2859 1677 2936 heo
1698 2860 1919 2936 oonsinnatio
1941 2885 2038 2935 enno
2065 2861 2111 2934 sb

597 2991 843 3068 internetione
876 2991 1028 3068 Domini
1066 2990 1246 3067 millesimo
1280 3003 1358 3068 ce¹¹²⁰
1392 2991 1585 3069 indictione
1617 2993 1723 3068 tertia
1755 3019 1850 3067 anno
1883 2991 1985 3092 regni
2016 2991 2111 3093 regis

597 3121 770 3200 Willelmi
794 3135 906 3198 mv⁰
933 3167 943 3184 ·
968 3125 1013 3200 ab
1034 3125 1135 3200 obitu
1156 3125 1396 3226 prenominati
1420 3127 1486 3202 filii
1508 3126 1616 3202 noslri
1640 3122 1787 3202 Gilorisl
1811 3151 1906 3200 anno
1927 3124 2109 3200 secundo·

598 3257 685 3332 obiit
700 3271 822 3332 cutem
840 3257 944 3334 tortio
961 3283 1074 3332 nonne
1085 3257 1250 3334 Otlobris
1265 3299 1274 3318 ·
1289 3255 1411 3358 Hujus
1423 3269 1545 3332 eutem
1562 3254 1764 3331 donationis
1780 3269 1818 3330 et
1833 3254 2111 3330 confirmationis

596 3390 676 3466 sunt
703 3391 809 3465 testes
836 3388 886 3491 bij
917 3430 926 3451 ·
955 3390 1132 3491 Rogerus'
1146 3390 1343 3491 Episcopus
1370 3387 1480 3463 ranei
1503 3385 1652 3483 Andros
1673 3427 1683 3447 ·
1707 3385 1891 3463 Jobnnnes
1911 3386 2111 3489 Episcopus

598 3523 864 3600 Dunkeldensis
895 3564 905 3613 ς
935 3524 1112 3600 Jonetbes
1140 3524 1338 3627 Episcopus
1365 3520 1633 3597 Dunblonensis
1661 3560 1672 3581 ·
1707 3520 1885 3596 Henricus
1912 3521 2039 3597 Abbus
2065 3522 2111 3598 de

597 3656 881 3758 Abbyrbrotbok
905 3702 913 3717 ·
939 3656 1175 3734 Reimboldus
1191 3658 1318 3733 Abbcs
1335 3657 1380 3734 de
1399 3656 1520 3733 Scono
1545 3696 1555 3717 ·
1584 3654 1765 3730 Robortus
1783 3653 1911 3730 Abbas
1932 3658 1978 3730 de
2001 3656 2111 3731 Dun-

597 3788 750 3891 sermlyn
781 3834 789 3849 ·
827 3792 1008 3867 Robertus
1042 3790 1088 3867 de
1119 3790 1265 3893 Quinoy
1300 3832 1309 3851 ·
1345 3788 1490 3865 Seierus
1520 3788 1566 3863 de
1597 3787 1743 3888 Quinoy
1774 3829 1784 3849 ·
1811 3785 1976 3869 melisius
2002 3788 2112 3863 frater

599 3922 738 3997 comitis
759 3960 768 3982 ·
787 3921 988 3999 Willelmns
1007 3964 1016 3983 ·
1038 3921 1219 3998 Fertheed
1236 3960 1246 3981 ·
1264 3921 1447 4027 Robertns
1465 3958 1475 3981 ·
1496 3919 1562 3995 lilii
1577 3918 1717 3995 comitis
1735 3960 1745 3980 ·
1763 3917 1927 3995 Gillimes
1944 3918 2111 4020 dapifer·

599 4051 758 4135 melisius
774 4054 867 4131 silius
883 4058 983 4156 ejus·
998 4054 1255 4131 Constantinus
1267 4054 1382 4155 judex
1397 4094 1406 4113 ·
1421 4051 1644 4127 Duneccnus
1660 4050 1754 4125 filius
1770 4050 1908 4153 malicij
1923 4090 1934 4111 ·
1948 4050 2113 4127 Anecbol

600 4182 744 4261 theinus
760 4186 806 4263 de
821 4187 973 4263 Dunine
990 4228 1000 4250 ·
1020 4187 1166 4265 Gilerist
1185 4230 1193 4247 ·
1212 4186 1312 4264 Gull’
1327 4230 1335 4248 ·
1350 4186 1518 4288 Nigellus
1535 4187 1581 4263 de
1598 4184 1813 4287 Dolpatriok
1831 4227 1840 4248 ·
1860 4186 2112 4261 Tristrennus·

602 4315 856 4395 Constantinus
871 4319 1042 4419 pincerne
1060 4362 1069 4381 ·
1089 4319 1270 4395 Henricus
1288 4319 1492 4395 Rennerius
1510 4362 1519 4379 ·
