5734 6700
1095 790 1174 865 DE
1206 787 1612 866 INCHAFFERY.

597 1126 721 1230 Carta
738 1153 783 1230 de
799 1179 870 1230 vno
888 1154 1001 1232 orosto
1018 1168 1055 1230 et
1071 1153 1162 1230 tofto
1180 1154 1217 1228 in
1235 1153 1412 1255 Petlandy
1430 1195 1440 1213 ·

528 1435 577 1510 66
597 1391 790 1493 Omnibus
818 1415 948 1494 Christi
982 1417 1147 1493 fidelibus
1176 1419 1316 1516 presens
1346 1417 1514 1518 seriptum
1545 1415 1668 1490 visuris
1694 1413 1752 1490 vel
1780 1410 1956 1488 audituris
1988 1408 2107 1485 Lucas

592 1546 686 1624 silius
703 1547 880 1624 Teobaldi
896 1549 941 1624 de
958 1548 1137 1651 Petlandy
1150 1565 1310 1625 eternam
1327 1550 1365 1622 in
1382 1548 1528 1623 domino
1540 1545 1689 1624 sulutem
1706 1587 1716 1606 ·
1734 1545 1891 1620 Nouerit
1902 1542 2108 1616 vniuersitas

592 1684 706 1758 vestra
721 1708 780 1756 me
802 1707 869 1780 pre
891 1679 1001 1758 salute
1021 1682 1139 1758 anime
1162 1709 1240 1760 mee
1266 1697 1302 1758 et
1322 1682 1444 1784 sponse
1466 1707 1546 1758 mee
1563 1694 1599 1757 et
1616 1679 1870 1756 anteeefl'orum
1889 1700 2051 1750 meorum
2073 1688 2110 1747 et

593 1815 821 1891 sueeefi‘erum
851 1815 982 1891 dedisse
1005 1817 1197 1891 concessisse
1219 1831 1256 1892 et
1281 1814 1434 1918 presenti
1461 1829 1559 1890 carta
1586 1813 1804 1889 confirmasse
1832 1809 1915 1884 Deo
1941 1823 1979 1884 et
2004 1807 2108 1881 beate

594 1947 711 2032 marie
734 1962 770 2022 et
797 1947 912 2024 sensio
934 1947 1092 2024 Johunni
1113 1947 1269 2050 apostolo
1287 1963 1324 2024 et
1340 1945 1554 2049 euangelisle
1571 1947 1617 2022 de
1635 1943 1753 2020 Insula
1764 1943 1951 2027 missarum
1967 1963 2107 2014 necnon

593 2082 716 2158 abbati
743 2097 780 2158 et
809 2081 1004 2159 conuentus
1033 2082 1189 2183 ejusdem
1218 2081 1289 2157 loei
1316 2109 1428 2156 vnum
1458 2081 1611 2157 erostum
1640 2093 1678 2155 et
1703 2078 1834 2154 tostum
1860 2101 1930 2176 que
1958 2073 2039 2148 sunt
2068 2071 2106 2144 in

594 2229 798 2291 tenemento
809 2241 889 2289 meo
907 2215 952 2290 de
969 2214 1149 2316 Petlandy
1160 2215 1414 2316 propinquiora
1425 2215 1583 2313 jacentia
1598 2227 1681 2288 ante
1694 2211 1820 2287 ostium
1830 2209 1957 2284 domus
1968 2232 2049 2281 mee
2061 2231 2107 2279 ex

593 2365 695 2450 parte
712 2347 908 2449 aquilonari
927 2375 1058 2450 magne
1075 2349 1130 2424 vie
1151 2375 1220 2448 que
1242 2349 1339 2424 venit
1355 2349 1402 2423 ad
1418 2347 1599 2423 ecelesiam
1617 2346 1662 2422 de
1678 2345 1710 2419 F
1711 2344 1810 2420 owlis
1830 2365 2018 2444 perquam
2034 2340 2107 2414 itur

593 2482 710 2556 versus
738 2479 890 2580 Buthny
919 2479 1084 2556 videlieet
1109 2507 1131 2554 a
1155 2480 1246 2555 vado
1280 2506 1326 2555 ex
1359 2495 1461 2580 parte
1494 2477 1690 2578 aquilonari
1723 2477 1851 2552 domus
1882 2497 1963 2548 mee
1995 2486 2032 2546 et
2061 2472 2107 2544 sic

595 2612 814 2688 ascendendo
839 2637 906 2713 per
928 2611 1061 2688 distum
1084 2611 1241 2686 riunlum
1265 2612 1372 2708 usque
1396 2611 1444 2685 ad
1466 2637 1638 2712 magnum
1659 2608 1817 2710 lapidem
1840 2611 1947 2709 juxta
1971 2610 2105 2686 dissum

595 2742 752 2819 riuulum
779 2759 817 2819 et
843 2745 890 2820 sic
916 2745 1033 2820 versus
1059 2743 1267 2820 orientalem
1292 2757 1429 2844 partem
1461 2743 1640 2842 usquead
1664 2759 1796 2817 terram
1812 2742 1964 2825 wertini
1983 2739 2107 2844 generi

595 2875 667 2952 mei
700 2891 736 2952 et
769 2879 815 2952 sio
848 2876 1094 2952 descendendo
1125 2877 1242 2950 versus
1282 2873 1551 2950 meridionalem
1584 2890 1726 2976 partem
1758 2873 1864 2973 usque
1895 2875 1943 2949 ad
1975 2874 2105 2950 dietam

595 3035 763 3111 maguam
789 3009 883 3084 riam
913 3013 1018 3085 etsie
1044 3036 1110 3111 per
1138 3009 1290 3085 eandem
1315 3009 1409 3083 viam
1438 3007 1547 3107 usque
1573 3007 1622 3083 ad
1647 3006 1847 3108 predidtum
1874 3008 2007 3082 vadum
2036 3035 2105 3109 que

595 3144 741 3244 quidem
763 3141 938 3244 porticula
961 3155 1054 3218 terre
1072 3141 1231 3218 eontinet
1256 3141 1294 3215 in
1311 3143 1345 3218 se
1365 3158 1530 3241 quartam
1546 3155 1685 3242 partem
1706 3140 1809 3214 vuius
1827 3167 1908 3216 aare
1924 3141 1961 3214 iu
1980 3167 2105 3241 puram

595 3291 631 3355 et
656 3293 866 3379 perpetuam
887 3274 1109 3353 elemosinam
1128 3303 1199 3351 vna
1219 3303 1302 3353 enm
1325 3277 1462 3351 brasina
1480 3275 1592 3352 totius
1612 3274 1776 3375 territorij
1802 3275 1848 3351 de
1870 3273 2048 3377 Petlaudy
2072 3289 2109 3351 et

594 3410 693 3487 omni
720 3413 804 3512 jure
840 3411 977 3485 brasine
1006 3425 1041 3485 et
1067 3436 1150 3485 eum
1175 3410 1340 3485 omuibus
1367 3410 1446 3511 alijs
1466 3409 1610 3508 juribus
1634 3409 1857 3511 aydamentis
1880 3408 1973 3483 infra
1989 3408 2108 3484 villam

596 3559 632 3621 et
648 3560 750 3620 extra
765 3544 813 3618 ad
829 3544 959 3619 didam
975 3558 1108 3620 terram
1132 3545 1176 3620 de
1200 3544 1379 3645 Petlandy
1396 3542 1634 3645 speetantibue
1656 3542 1714 3619 vel
1733 3544 1887 3644 spedare
1909 3541 2107 3618 valentibus

595 3681 666 3753 sine
693 3675 812 3777 aliquo
841 3692 1086 3753 retenemento
1116 3678 1280 3753 inbosco
1310 3692 1346 3753 et
1374 3676 1482 3775 plano
1508 3676 1546 3749 in
1574 3678 1684 3751 moris
1708 3689 1746 3751 et
1770 3677 1941 3777 ‹aamefijs
1957 3677 2106 3777 petarijs

596 3825 632 3885 et
662 3810 814 3912 bruarijs
841 3850 851 3871 ·
887 3810 1062 3887 Tenenda
1091 3825 1127 3886 et
1153 3809 1320 3885 habenda
1345 3809 1409 3884 sibi
1434 3824 1471 3885 et
1497 3809 1747 3886 suceefi'oribus
1771 3809 1842 3884 suis
1868 3823 1906 3885 et
1931 3809 2108 3909 assignatis

595 3962 632 4019 et
651 3969 776 4019 eorum
800 3943 989 4019 heredibus
1013 3944 1057 4019 de
1082 3966 1141 4019 me
1162 3958 1198 4019 et
1223 3941 1413 4018 heredibus
1435 3943 1524 4017 meis
1541 3969 1612 4017 rna
1627 3968 1710 4017 eum
1726 3943 1821 4017 ditia
1835 3942 1981 4019 braeina
1997 3942 2108 4019 totius

595 4092 688 4153 terre
711 4076 756 4153 de
779 4076 945 4153 Petlandi
965 4092 1002 4153 et
1022 4078 1121 4151 omni
1138 4079 1220 4177 jure
1242 4076 1377 4151 brasine
1397 4075 1436 4149 in
1452 4102 1582 4177 puram
1598 4090 1635 4151 et
1656 4089 1866 4175 perpetuam
1883 4074 2107 4151 elemosinam

595 4208 704 4286 libere
725 4224 761 4285 et
784 4210 903 4309 quiete
929 4211 976 4284 ab
1001 4209 1100 4283 omni
1125 4208 1270 4284 seculari
1296 4208 1443 4283 sermeio
1471 4209 1724 4310 inperpetuum
1755 4234 1855 4308 ·ego
1879 4235 1963 4284 vero
1987 4210 2107 4284 Lueas

596 4358 633 4418 et
656 4342 804 4418 heredes
820 4342 891 4416 mei
907 4342 1000 4417 dida
1015 4341 1145 4417 tostum
1162 4360 1199 4417 et
1215 4340 1368 4417 crossum
1384 4368 1456 4415 vua
1472 4365 1556 4416 oum
1577 4341 1670 4417 dieta
1688 4340 1834 4416 braeina
1852 4356 1889 4417 et
1906 4342 2004 4415 omni
2022 4345 2106 4443 jure

595 4478 730 4551 brasine
747 4490 784 4553 et
800 4476 963 4551 omnibus
979 4474 1057 4576 alijs
1073 4474 1302 4576 pertinentijs
1316 4478 1404 4550 sieut
1421 4474 1620 4575 predidtum
1636 4474 1687 4550 est
1710 4474 1811 4549 distis
1834 4474 1918 4549 viris
1940 4474 2106 4577 religiosis

596 4624 774 4685 eteorum
798 4606 1046 4683 suecessoribus
1070 4622 1195 4683 eontra
1221 4633 1345 4683 omnes
1368 4606 1532 4681 homines
1554 4605 1866 4681 warantizabimus
1886 4606 2108 4707 protigemus

596 4754 632 4813 et
656 4737 890 4814 defendemus
905 4737 944 4811 in
970 4752 1185 4838 perpetuum
1211 4752 1248 4813 et
1267 4750 1310 4813 ut
1331 4736 1399 4814 hee
1420 4763 1503 4813 mea
1521 4738 1666 4814 donatio
1690 4752 1728 4814 et
1749 4753 1846 4813 eurte
1871 4763 1951 4814 mee
1975 4741 2103 4815 eonfit-

595 4869 706 4947 matio
734 4870 844 4945 robur
871 4870 1049 4945 firmitatis
1080 4888 1116 4945 et
1142 4868 1339 4945 stabilitatis
1369 4870 1408 4944 in
1436 4871 1536 4945 omni
1560 4869 1721 4971 optineat
1746 4870 1945 4970 presentem
1971 4887 2104 4946 cartam

1880 5030 1895 5077 1
