5734 6700
1154 735 1233 810 DE
1265 733 1667 812 INOHAFFERY.

605 1075 850 1179 Confirmatio
869 1101 1039 1204 Hugouis
1055 1101 1211 1204 episcopi
1227 1102 1332 1203 super
1348 1101 1490 1178 eoelefia
1506 1101 1552 1177 de
1568 1103 1813 1206 oeaddirdyne
1831 1147 1841 1163 ·

535 1375 579 1454 71
602 1339 727 1472 Hugo
748 1369 806 1444 dei
825 1368 941 1470 gratia
961 1367 1227 1443 Dunlreldensu
1240 1368 1423 1469 episeopus
1437 1367 1602 1442 omnibus
1617 1367 1733 1444 sande
1742 1367 1864 1451 <oanis
1877 1366 2112 1470 eooletiefiliis

599 1517 760 1577 eternam
787 1501 825 1575 in
852 1500 998 1576 domino
1025 1499 1173 1575 salutem
1206 1543 1214 1560 ·
1247 1499 1406 1576 Nouerit
1432 1499 1640 1575 rniuertitas
1668 1501 1783 1576 vestra
1815 1527 1882 1576 nos
1914 1503 2109 1578 oonoefiifl'e

599 1649 636 1710 et
659 1633 727 1709 huo
749 1649 847 1708 carte
869 1633 987 1707 nostra
1007 1631 1225 1707 confirmasse
1250 1630 1384 1706 diledtis
1409 1631 1448 1705 in
1474 1630 1615 1708 Christo
1639 1630 1723 1732 filijs
1748 1631 1893 1707 domiuo
1919 1634 2040 1709 abbati
2064 1634 2110 1710 de

600 1765 802 1866 Inohaffray
829 1778 866 1840 et
882 1764 1063 1840 canonicis
1088 1763 1223 1838 ibidem
1240 1763 1325 1838 Deo
1348 1763 1582 1838 seruientibus
1604 1777 1642 1838 et
1665 1762 1845 1838 semirutis
1868 1764 2047 1840 eeclesiam
2063 1766 2110 1840 de

598 1896 854 2000 stladdyrdyne
871 1895 1484 1997 cumomnibusjustispertinentijs
1495 1895 1627 1970 saisita
1641 1894 1752 1971 libere
1764 1911 1802 1972 et
1817 1897 1936 1996 quiete
1951 1897 2109 1999 plenarie

598 2043 635 2105 et
650 2029 844 2104 honorilice
860 2031 949 2103 siout
965 2041 1064 2102 eamn
1080 2027 1283 2102 donationis
1300 2053 1407 2125 quam
1425 2027 1526 2102 dedit
1542 2027 1672 2102 eisdem
1689 2028 1867 2102 eanoniois
1890 2029 1949 2129 pie
1971 2055 2110 2105 memo-

596 2162 649 2237 rie
677 2161 862 2236 Johennes
891 2149 1030 2262 primus
1055 2160 1274 2258 predecessor
1298 2161 1414 2234 noster
1448 2161 1596 2236 testatur
1625 2186 1709 2234 oum
1737 2161 1863 2235 eadem
1892 2161 2035 2237 eoolefia
2063 2163 2109 2237 de

598 2294 853 2396 maddyrdyne
878 2294 925 2368 ad
948 2293 1177 2370 donationem
1203 2291 1448 2393 episeoporum
1465 2291 1777 2369 Dunlreldenlium
1800 2294 1862 2394 qui
1885 2294 1960 2369 veri
1986 2294 2109 2369 dinos-

598 2440 730 2501 ountnr
753 2427 821 2500 eise
841 2425 983 2526 patroni
1008 2424 1185 2526 pertineat
1209 2465 1218 2485 ·
1243 2425 1322 2500 Nos
1342 2439 1466 2500 autem
1486 2424 1548 2524 qui
1567 2422 1651 2499 lieet
1668 2424 1758 2499 hora
1776 2425 1965 2500 undecima
1989 2427 2109 2502 sumus

598 2557 692 2632 inter
707 2559 886 2657 operarios
902 2555 997 2631 vinie
1013 2554 1149 2630 domini
1167 2555 1304 2630 Seboth
1321 2581 1342 2630 e
1358 2556 1495 2630 summo
1506 2554 1759 2657 patrefamilias
1771 2556 1977 2658 euangelioo
1993 2559 2110 2634 voooti

598 2687 759 2786 quamuis
779 2685 902 2786 religio
921 2685 959 2760 in
980 2685 1084 2760 nobis
1105 2685 1223 2762 minus
1242 2688 1284 2760 fit
1302 2686 1475 2760 sufficiens
1497 2699 1535 2760 et
1554 2712 1639 2762 vera
1658 2712 1738 2762 eam
1753 2699 1874 2762 tamen
1890 2687 1929 2761 in
1948 2687 2027 2789 alijs
2048 2689 2108 2790 pie

597 2819 783 2895 eonfovere
799 2833 836 2894 et
852 2818 1027 2920 religiosos
1044 2818 1299 2894 honorabiliter
1317 2821 1466 2894 meare
1485 2820 1657 2896 debemus
1678 2820 1907 2896 donationem
1922 2824 2109 2898 memorati

595 2951 731 3026 domini
748 2949 925 3025 lobannis
947 2949 1195 3050 predecessoris
1219 2949 1327 3024 nostri
1352 2975 1493 3025 neonon
1515 2963 1552 3026 et
1572 2951 1857 3026 oonfirmationes
1879 2953 1972 3028 bone
1988 2980 2108 3029 reeor-

595 3083 749 3160 dationis
775 3081 921 3158 Rioardi
945 3094 982 3158 et
1005 3082 1033 3157 J
1034 3081 1184 3158 ohannis
1208 3081 1351 3158 secundi
1376 3083 1655 3184 predecessorum
1681 3086 1878 3158 nostrorum
1897 3086 2000 3184 super
2022 3113 2106 3186 pre-

594 3216 668 3290 fata
683 3213 826 3291 eoeleste
846 3214 891 3288 de
916 3211 1139 3314 otmdirdyn
1162 3212 1268 3288 latius
1288 3227 1326 3290 et
1344 3214 1534 3312 benignius
1554 3215 1828 3316 interpretantes
1848 3215 1893 3290 de
1914 3217 2054 3292 oonsilio
2070 3232 2109 3293 et

595 3347 726 3423 affenfu
751 3343 898 3447 capituli
921 3343 1183 3421 Dunlreldenlis
1203 3344 1369 3445 prodidiis
1391 3344 1513 3421 abbati
1530 3360 1569 3421 et
1593 3346 1771 3422 eeuoniois
1795 3372 1919 3423 eorum
1943 3350 2108 3426 tenuitati

595 3494 632 3556 et
648 3478 850 3581 paupertati
866 3477 1121 3578 compatientes
1148 3477 1376 3553 coneedimus
1396 3492 1433 3553 et
1452 3477 1522 3553 heo
1540 3492 1639 3553 carta
1658 3480 1776 3553 nostra
1796 3480 2048 3557 confirmamus
2066 3497 2107 3557 vt

596 3638 719 3689 omnes
736 3626 931 3711 prouentus
948 3612 1103 3712 prodidie
1127 3609 1268 3687 eoolelie
1284 3612 1330 3686 de
1353 3611 1589 3713 waddyrdyn
1605 3612 1643 3685 iu
1662 3612 1741 3686 rsus
1761 3613 1839 3687 suos
1858 3614 2022 3714 proprios
2040 3642 2107 3716 pro

595 3746 655 3821 suo
671 3744 862 3820 voluntatis
875 3744 1020 3821 arbitrio
1030 3744 1138 3821 bbere
1149 3758 1362 3821 conuertunt
1380 3788 1389 3803 ·
1405 3745 1615 3846 prestriteros
1631 3759 1752 3821 umen
1769 3746 1807 3819 in
1823 3747 1947 3822 eedem
1965 3747 2107 3823 ecelesia

594 3904 663 3978 pro
679 3891 841 3978 tempore
859 3878 1091 3954 instituendos
1109 3878 1210 3971 pobis
1227 3892 1264 3953 et
1280 3878 1527 3953 suecessoribus
1548 3878 1675 3953 nostris
1696 3878 1899 3978 presentent
1919 3881 1981 3981 qui
2001 3882 2105 3956 uobis

596 4025 633 4087 et
654 4010 901 4085 suoeeffonbus
924 4011 1050 4086 nostris
1072 4011 1119 4085 de
1140 4010 1380 4112 spiritualibus
1402 4010 1638 4111 respondeant
1659 4009 1753 4085 saluo
1769 4012 1876 4087 etiam
1888 4012 1927 4086 in
1939 4016 2104 4090 omnibus

591 4144 675 4243 juro
700 4141 885 4243 episcopali
916 4184 925 4201 ·
955 4142 1009 4217 Vt
1042 4154 1164 4219 eutem
1193 4142 1261 4219 heo
1290 4144 1407 4217 nostra
1431 4144 1598 4217 oonoeffio
1623 4143 1874 4244 inperpetuum
1899 4146 2002 4221 firma
2026 4165 2104 4224 rata

596 4290 633 4351 et
648 4276 848 4371 inoonoufl‘a
867 4290 1074 4375 permaneat
1090 4290 1166 4351 tum
1191 4302 1257 4351 nos
1277 4301 1385 4375 quam
1402 4273 1597 4376 capitulum
1614 4275 1728 4377 ipsum
1743 4278 1782 4351 iu
1798 4280 1936 4379 lignum
1953 4280 2103 4355 offensum

595 4408 647 4483 sui
665 4406 775 4511 sigilla
794 4409 911 4482 nostra
931 4408 1157 4509 apposuimus
1182 4448 1191 4467 ·
1214 4408 1299 4507 Hijs
1323 4407 1469 4482 testibus
1493 4407 1655 4509 magistro
1676 4409 1834 4486 Henrioo
1856 4411 2102 4489 archidiacono

595 4542 713 4617 nostro
740 4582 749 4599 ·
779 4538 942 4615 Gilberto
970 4538 1150 4640 capellano
1182 4582 1191 4599 ·
1222 4536 1401 4613 Willelmo
1427 4538 1611 4640 capellano
1639 4583 1648 4600 ·
1675 4541 1837 4642 magistro
1868 4542 2027 4618 Roberto
2056 4545 2102 4620 de

594 4671 814 4774 Raparlew·
835 4672 997 4773 magistro
1013 4670 1180 4748 Johanne
1196 4671 1242 4747 de
1260 4670 1409 4746 Hetoun
1437 4713 1446 4730 ·
1472 4669 1591 4745 Adam
1610 4672 1656 4747 de
1677 4674 1859 4773 prebenda
1884 4718 1893 4735 ·
1920 4674 2099 4753 Willelmo

594 4804 639 4881 de
660 4804 804 4906 Olonny
828 4803 1005 4879 canonicis
1028 4802 1339 4879 Dunlreldenlibus
1363 4846 1372 4863 ·
1399 4802 1549 4885 &letheo
1572 4804 1710 4879 demno
1732 4848 1742 4865 ·
1768 4806 1932 4908 Eugenio
1953 4810 2056 4910 perso
