5734 6700
730 779 754 844 4
1303 759 1665 840 REGISTRUM

730 1015 768 1076 et
793 997 992 1076 intentione
1019 1023 1090 1098 qua
1116 995 1244 1097 aliquis
1270 993 1370 1072 locus
1394 993 1433 1069 in
1459 1007 1537 1070 toto
1560 1017 1673 1096 regno
1697 991 1905 1070 Scottomm
1929 993 2076 1071 liberius
2100 994 2248 1074 solutius

733 1131 892 1235 quiecius
921 1143 960 1208 et
988 1127 1281 1207 honorificentius
1315 1125 1438 1204 diviuo
1471 1125 1583 1203 cultui
1612 1142 1650 1204 et
1678 1126 1796 1203 sancte
1827 1125 1992 1228 religioni
2024 1128 2248 1230 deputatur·

733 1291 883 1367 eamque
899 1290 981 1340 cum
999 1262 1165 1341 omnibus
1187 1261 1448 1362 possessionibus
1471 1286 1559 1361 quas
1579 1261 1752 1336 hactenus
1771 1261 1805 1336 ei
1824 1286 1890 1361 per
1910 1286 1976 1335 nos
1995 1262 2065 1336 lire
2079 1289 2146 1362 per
2162 1261 2250 1339 ulios

733 1399 857 1476 fideles
883 1398 1004 1481 divina
1027 1395 1173 1498 largitas
1198 1393 1349 1473 contulit
1369 1393 1427 1471 vel
1449 1392 1580 1469 amodo
1604 1389 1776 1466 collatura
1797 1391 1848 1466 est
1868 1389 2025 1466 custodie
2048 1405 2085 1466 et
2108 1390 2250 1492 dispen-

736 1532 860 1610 sationi
881 1531 1017 1620 domini
1036 1527 1174 1611 melicii
1194 1515 1241 1630 p·
1260 1567 1300 1590 ··
1331 1543 1369 1602 et
1391 1526 1538 1603 eremite
1563 1523 1820 1600 committimus
1842 1522 1888 1598 de
1910 1521 2017 1626 ipsius
2039 1523 2250 1600 discretione

736 1680 773 1741 et
788 1666 959 1768 religione
976 1662 1172 1765 plurimum
1188 1660 1409 1738 confidentes
1433 1699 1443 1718 ·
1468 1658 1579 1734 Unde
1595 1657 1759 1733 volumus
1778 1669 1821 1733 ut
1839 1653 1936 1730 idem
1952 1655 2120 1740 malleius
2139 1655 2251 1733 libera

736 1809 858 1871 vtetur
882 1794 1052 1872 facultate
1078 1793 1305 1894 quoscunque
1332 1790 1484 1867 voluerit
1509 1792 1628 1866 secum
1654 1788 1874 1892 aggregandi
1901 1802 1938 1864 et
1965 1815 2027 1864 eos
2056 1788 2250 1865 secundum

735 1925 897 2028 regulam
917 1926 1025 2002 sanet
1044 1925 1238 2032 Augustini
1261 1951 1303 2000 eo
1327 1949 1434 2024 quem
1453 1923 1575 2022 potius
1593 1922 1755 1998 statuerit
1777 1921 1886 1997 modo
1907 1921 1955 1996 ad
1973 1921 2049 1996 Dei
2068 1921 2251 1998 semitium

736 2059 952 2135 informandi
976 2098 985 2119 ·
1011 2058 1095 2134 Post
1115 2057 1293 2138 decessum
1310 2083 1395 2133 vero
1416 2055 1510 2130 illius
1530 2081 1576 2132 ex
1594 2069 1700 2157 parte
1721 2054 1797 2131 Dei
1816 2054 2046 2157 prohibemus
2062 2084 2108 2131 ne
2124 2055 2251 2156 aliquis

737 2191 883 2268 omuino
912 2217 978 2293 per
1006 2191 1240 2294 cupiditatem
1268 2189 1537 2291 congregationi
1565 2187 1658 2264 illius
1686 2188 1756 2266 loci
1782 2190 1818 2264 se
1845 2203 2021 2290 proponat
2051 2188 2114 2264 nili
2143 2217 2252 2290 quem

732 2325 885 2400 fratrum
902 2349 1049 2400 concors
1062 2321 1189 2399 electio
1200 2349 1266 2425 per
1277 2321 1449 2397 assensum
1464 2323 1623 2398 nostrum
1638 2322 1702 2398 sibi
1718 2322 1937 2424 preposuerit
1953 2349 2022 2398 nec
2037 2321 2163 2423 aliquis
2179 2324 2252 2399 siue

737 2454 921 2556 opiscopus
941 2455 982 2531 lit
998 2456 1070 2530 siue
1086 2454 1189 2532 heres
1206 2455 1324 2532 noster
1339 2455 1520 2557 presumat
1534 2455 1623 2531 inibi
1638 2455 1794 2557 aliquem
1810 2469 1936 2532 contra
1951 2481 2087 2532 meram
2102 2456 2253 2532 flauum

736 2583 956 2660 voluntatem
973 2584 1177 2661 intrudere·
1190 2586 1309 2663 locum
1327 2613 1409 2662 oum
1427 2589 1583 2664 eundem
1599 2589 1652 2664 ita
1668 2587 1835 2664 dilectum
1851 2587 2026 2664 habemus
2042 2587 2139 2688 quod
2154 2587 2193 2662 in
2209 2615 2252 2664 eo

738 2715 840 2790 nobie
867 2729 904 2791 et
933 2716 1180 2793 succesoribus
1209 2717 1336 2794 nostris
1365 2719 1582 2821 sepulturam
1609 2721 1775 2822 eligimus
1803 2735 1841 2797 et
1865 2722 1944 2822 jam
1973 2720 2252 2822 primogenitum

738 2849 895 2922 nostrum
912 2848 1045 2925 ibidem
1061 2849 1298 2952 sepelliuimus
1316 2896 1326 2915 ·
1347 2853 1431 2932 Deo
1448 2855 1558 2958 igitur
1577 2870 1614 2932 et
1632 2857 1751 2930 sancte
1767 2853 1884 2938 marie
1903 2854 2040 2954 semper
2056 2853 2198 2955 Virgini
2217 2868 2254 2930 et

738 2987 854 3063 sancto
871 2987 1030 3063 Johanni
1052 2989 1207 3089 apostolo
1230 2992 1385 3091 ejusdem
1409 2988 1630 3093 procuratori
1651 3002 1689 3062 et
1710 2986 1850 3089 prefato
1869 2986 2014 3070 molisio
2034 3001 2070 3063 et
2089 2987 2254 3061 omnibus

738 3121 776 3194 in
797 3121 957 3222 predicta
973 3121 1086 3196 insula
1100 3120 1184 3196 Deo
1201 3121 1435 3198 seruientibus
1451 3137 1489 3198 et
1506 3120 1687 3197 seruitutis
1707 3119 1866 3196 ecclesias
1882 3133 1920 3195 et
1935 3119 2155 3220 pofl'essiones
2171 3119 2254 3193 sub·
2332 3134 2334 3139 '

739 3255 884 3356 scriptae
902 3255 1028 3328 demus
1045 3267 1083 3329 et
1099 3253 1327 3328 concedimus
1340 3267 1377 3331 et
1390 3254 1560 3355 presentis
1571 3253 1690 3355 scripti
1702 3251 1900 3327 munimine
1916 3277 1983 3353 per
1997 3251 2255 3353 impressionem

740 3386 840 3490 sigilli
864 3389 974 3501 nostri
1000 3390 1253 3463 confirmamus
1282 3428 1291 3449 ·
1321 3386 1501 3463 ecclesiam
1521 3388 1629 3463 sancti
1652 3386 1803 3461 Kattani
1827 3386 1875 3461 de
1895 3385 2254 3488 Abbyrruotheuen·

742 3520 921 3599 eccleliam
937 3522 1044 3597 sandi
1060 3522 1253 3598 Etbimeni
1270 3521 1316 3597 de
1327 3522 1575 3624 wuddymin·
1593 3520 1775 3597 ecclesiam
1790 3520 1900 3595 sancti
1918 3520 2064 3596 Patricii
2077 3522 2124 3597 dc
2137 3520 2255 3597 straf-

741 3657 831 3734 lreth
860 3696 869 3717 ·
901 3655 1080 3733 ecclesiam
1109 3656 1217 3731 sancti
1239 3654 1469 3740 wechelseok
1494 3655 1540 3730 de
1563 3655 1876 3731 Euchterardouar
1904 3696 1913 3717 ·
1941 3654 2120 3731 ecclesiam
2144 3656 2256 3731 sancti

742 3791 859 3869 Beeni
883 3791 928 3867 de
956 3789 1117 3893 Kynkell
1140 3830 1150 3853 ·
1178 3790 1355 3865 decimam
1372 3790 1535 3865 omnium
1554 3816 1753 3866 oannorum
1772 3789 1972 3867 nostrorum
1992 3804 2029 3865 et
2048 3790 2256 3865 reddituum

742 3928 941 4006 nostrorum
967 3925 1006 4001 in
1030 3926 1210 4001 frumento
1231 3923 1346 3999 sarius
1370 3924 1482 3998 brasio
1506 3949 1619 4024 grano
1645 3922 1742 3998 oasiis
1769 3936 1806 3998 st
1833 3922 1999 3999 omnibus
2023 3923 2256 4025 cibariisque

743 4062 930 4139 annuatim
943 4060 1199 4160 expenduntur
1214 4058 1252 4133 in
1270 4056 1368 4133 curia
1383 4058 1503 4132 nostra
1518 4097 1528 4120 ·
1546 4073 1585 4132 et
1600 4056 1777 4133 decimam
1793 4059 1903 4134 totius
1915 4058 2009 4161 pillis
2025 4069 2096 4159 que
2112 4059 2159 4134 ad
2171 4086 2256 4158 quo·

743 4198 890 4300 quinam
906 4196 1061 4271 nostram
1073 4192 1257 4271 desertor·
1274 4206 1311 4267 et
1324 4192 1501 4268 decimam
1512 4192 1711 4269 venationis
1724 4193 1840 4268 nostre
1852 4208 1890 4270 et
1902 4194 2079 4269 decimam
2095 4194 2257 4269 omnium

742 4332 922 4409 lucrorum
939 4356 1009 4431 que
1024 4328 1236 4432 perveniant
1250 4328 1297 4405 de
1313 4326 1454 4429 placitis
1470 4327 1598 4403 nostris
1613 4339 1652 4403 et
1667 4326 1714 4402 de
1729 4326 2004 4404 obventionibus
2018 4326 2255 4404 omnimodis·

744 4464 923 4543 licentiam
937 4490 1078 4565 quoque
1090 4461 1246 4566 piscandi
1263 4463 1301 4538 in
1323 4502 1334 4524 ·
1353 4502 1363 4523 ·
1382 4462 1496 4538 ·ferin
1513 4460 1658 4563 quando
1674 4476 1711 4538 et
1727 4488 1870 4562 quoquo
1881 4460 2058 4538 voluerint
2076 4504 2088 4525 ο
2109 4476 2146 4539 et
2163 4462 2257 4564 capi-

745 4597 830 4675 endi
846 4597 884 4671 in
900 4598 1104 4675 nemoribus
1120 4598 1246 4675 nostris
1262 4598 1465 4697 ubicunque
1480 4596 1543 4672 fibi
1558 4596 1673 4697 magis
1689 4608 1933 4698 opportunum
1947 4596 2056 4673 suerit
2070 4598 2258 4673 materiem

746 4730 794 4808 od
818 4728 1077 4807 edificationem
1100 4732 1286 4808 domorum
1312 4733 1454 4806 suorum
1477 4744 1515 4807 et
1536 4728 1742 4806 utensilium
1765 4744 1802 4806 et
1826 4731 1874 4805 ad
1897 4731 2036 4831 pastum
2061 4730 2156 4833 ignis
2182 4771 2193 4793 ·
2221 4746 2259 4807 et
2348 4722 2351 4725 Α

745 4880 818 4940 tres
834 4886 933 4937 aeras
953 4876 1046 4938 terre
1064 4860 1157 4938 illius
1174 4890 1244 4964 que
1260 4863 1424 4966 proxima
1441 4863 1491 4939 est
1507 4862 1618 4939 insule
1634 4863 1752 4939 versus
1769 4862 1972 4963 aquilonem
1989 4889 2078 4963 quas
2095 4862 2258 4939 dedimus
