5734 6700
1118 752 1197 830 DE
1225 751 1625 830 INOHAFFERY.

616 1093 690 1194 De
707 1118 841 1196 catellis
858 1122 1097 1223 suspensorum
1115 1162 1125 1184 ·

573 1375 604 1460 6,
617 1354 812 1460 G'dbertue
828 1411 946 1461 comes
963 1386 1008 1462 de
1031 1385 1242 1486 Stretheryn
1260 1384 1423 1459 omnibus
1444 1383 1646 1458 hominibus
1664 1385 1773 1460 totius
1793 1397 1886 1460 terre
1903 1384 1962 1459 sue
1978 1383 2124 1458 sulutem

615 1514 739 1592 Sciant
761 1519 939 1619 presentes
964 1534 1001 1596 et
1025 1520 1136 1596 futuri
1158 1545 1217 1594 me
1243 1517 1373 1593 dedisse
1398 1517 1593 1595 concessisse
1617 1530 1654 1594 et
1679 1517 1746 1592 hec
1766 1531 1864 1594 carte
1887 1544 1968 1594 mee
1992 1519 2122 1593 confir-

613 1649 720 1724 masse
745 1676 810 1752 pro
836 1651 895 1728 dei
914 1677 1034 1728 amore
1060 1665 1096 1726 et
1121 1649 1230 1726 salute
1256 1649 1374 1724 anime
1401 1675 1481 1724 mee
1506 1664 1543 1724 et
1567 1648 1689 1724 uxoris
1707 1677 1788 1726 mee
1810 1665 1847 1726 et
1867 1651 2123 1727 mtecefforum

613 1779 846 1858 etheredum
872 1810 1034 1860 meorum
1063 1784 1146 1860 Deo
1176 1797 1213 1858 et
1235 1783 1351 1858 sunsto
1380 1779 1540 1856 Johmni
1565 1781 1737 1883 Apostolo
1766 1797 1803 1858 et
1831 1782 2054 1883 ewangeliste
2075 1781 2123 1856 de

613 1911 819 2016 Incheffrpn
840 1930 876 1991 et
902 1916 1080 1992 canonicis
1102 1916 1235 1992 ibidem
1251 1914 1335 1990 Deo
1359 1929 1395 1990 et
1418 1915 1534 1991 cneo
1550 1913 1711 1991 Johanni
1732 1916 1962 1992 seruientibus
1988 1930 2025 1991 et
2050 1916 2122 1990 ser-

612 2046 738 2122 uituris
755 2047 848 2124 hanc
867 2048 1069 2126 libertatem
1087 2048 1226 2148 quodsi
1250 2047 1375 2148 uliquis
1398 2047 1584 2122 hominum
1604 2049 1746 2124 snorum
1765 2051 1812 2126 de
1831 2051 2006 2126 territorio
2024 2049 2122 2151 quod

611 2205 678 2279 ego
695 2178 733 2254 in
749 2178 896 2256 liberam
914 2180 1129 2257 elimosinam
1145 2181 1197 2256 eis
1214 2179 1299 2255 dedi
1318 2194 1454 2255 retatus
1470 2179 1576 2254 sinerit
1596 2179 1635 2253 in
1654 2180 1752 2256 curis
1774 2183 1917 2258 meede
1933 2182 2028 2256 surto
2048 2183 2120 2255 siue

612 2308 657 2385 de
686 2311 756 2388 elis
784 2311 901 2412 aliqua
924 2313 1069 2413 querela
1093 2339 1163 2414 que
1192 2313 1238 2386 nd
1268 2312 1403 2386 curiam
1433 2337 1550 2386 meam
1578 2313 1734 2413 pertinet
1762 2328 1799 2389 et
1828 2318 1853 2389 fi
1883 2316 1929 2390 de
1959 2313 2018 2388 illa
2043 2325 2122 2388 rete

607 2445 743 2544 judicio
760 2446 949 2520 damnatus
966 2445 1097 2522 suerit·
1115 2444 1186 2521 solo
1200 2443 1289 2518 mihi
1306 2459 1343 2521 et
1359 2444 1550 2520 heredibus
1567 2447 1655 2520 meis
1671 2473 1819 2549 corpore
1834 2448 1955 2526 relide
1971 2451 2019 2526 cd
2034 2479 2122 2528 con-

611 2577 822 2652 seruandam
840 2577 1020 2678 justiciam
1048 2577 1144 2653 curie
1172 2579 1288 2652 nostre
1317 2618 1326 2634 ·
1354 2576 1476 2654 omnia
1499 2577 1626 2654 catalla
1652 2579 1714 2654 suc
1740 2582 1977 2657 remanebunt
2005 2577 2120 2659 fausto

611 2709 771 2785 Johnnni
786 2724 823 2786 et
846 2709 1025 2786 cononicis
1053 2753 1061 2770 ·
1088 2709 1139 2784 Et
1159 2711 1185 2784 fi
1204 2709 1297 2785 sorte
1321 2707 1450 2810 uliquis
1474 2708 1663 2785 hominum
1681 2711 1823 2787 suorum
1843 2713 1888 2788 de
1908 2713 2026 2814 aliqua
2045 2733 2123 2792 reto

610 2869 675 2946 per
700 2845 910 2945 peccuniam
936 2870 1078 2920 mecum
1103 2842 1160 2918 vel
1185 2871 1267 2918 cum
1293 2844 1485 2932 heredibus
1510 2843 1599 2918 meis
1627 2845 1738 2920 finem
1765 2846 1888 2924 fecerit
1916 2849 2033 2924 omnis
2062 2849 2123 2926 illc

611 2976 726 3052 finalis
757 2977 910 3078 pecunie
936 2977 1102 3078 prodistis
1129 2977 1310 3052 canonicis
1338 2977 1539 3054 remanebit
1572 3019 1581 3037 ·
1613 2977 1723 3052 Hanc
1747 2979 1892 3078 quidem
1920 2981 2121 3058 libertatem

611 3110 694 3187 Dec
707 3125 745 3188 et
756 3111 871 3186 sancto
884 3111 909 3186 J
910 3110 1042 3186 ohenni
1059 3126 1095 3186 et
1111 3111 1279 3213 predictis
1293 3110 1471 3186 cononicis
1484 3111 1530 3186 de
1546 3138 1606 3186 me
1622 3125 1659 3186 et
1675 3112 1868 3188 heredibus
1884 3116 1973 3191 meis
1989 3118 2123 3219 imper.

610 3259 761 3345 potuum
783 3243 986 3320 habendam
1008 3245 1161 3345 presenti
1181 3245 1309 3344 scripto
1326 3245 1537 3320 confirmnui
1559 3286 1568 3305 ·
1594 3245 1677 3322 Hiis
1699 3247 1844 3322 testibus
1861 3248 1998 3331 malisse
2014 3251 2123 3329 fratre

611 3380 750 3455 comitis
782 3422 791 3439 ·
822 3379 978 3463 matilde
1001 3380 1171 3455 comitisse
1202 3420 1211 3439 ·
1243 3379 1402 3456 Jonetha
1426 3379 1602 3481 Episcopo
1631 3380 1797 3457 Johcnne
1827 3382 2121 3462 Archidiacono·

610 3513 795 3589 Abhreem
821 3512 1003 3615 capellano
1029 3513 1167 3589 comitis
1197 3554 1206 3573 ·
1240 3512 1475 3589 Constantino
1504 3513 1634 3590 Judice
1666 3557 1676 3573 ·
1707 3514 1936 3592 Gillenauem
1965 3520 2122 3619 dapifero

610 3644 747 3728 molisio
772 3644 845 3721 filio
877 3647 955 3747 ejus
989 3686 1000 3706 ·
1032 3644 1213 3723 Wislelmo
1239 3646 1270 3720 F
1272 3646 1388 3723 erteth
1414 3646 1575 3723 Roherto
1600 3646 1765 3747 Fergusic
1790 3649 1929 3733 oeelifio
1954 3651 2122 3733 Gilchriss

609 3778 693 3853 filiis
713 3778 801 3854 meis
819 3791 856 3855 et
873 3776 995 3855 multis
1012 3776 1091 3856 eliis
1110 3818 1119 3843 ·

612 4155 683 4255 De
702 4180 841 4254 decime
857 4179 903 4255 de
921 4177 1201 4255 Ouohtirardore
1219 4220 1228 4243 ·

571 4436 592 4518 7
612 4421 834 4525 Alexander
858 4446 932 4521 Dei
960 4445 1079 4547 gratia
1105 4446 1186 4523 Rex
1214 4444 1420 4521 Scottorum
1447 4448 1613 4523 omnibus
1637 4450 1757 4550 probis
1782 4450 1985 4527 hominibus
2010 4454 2118 4529 totius

611 4598 706 4658 terre
732 4580 791 4657 sue
815 4577 948 4655 clericis
976 4592 1013 4655 et
1036 4576 1146 4680 laycis
1166 4579 1314 4655 salutem
1339 4579 1470 4655 Sciatis
1495 4581 1674 4680 presentes
1698 4598 1735 4658 et
1759 4584 1871 4661 futuri
1896 4612 1962 4663 noe
1988 4587 2118 4664 dedisse

612 4728 647 4790 et
664 4714 858 4791 concessisse
879 4726 915 4789 et
934 4711 1002 4787 hac
1020 4727 1118 4788 carte
1136 4712 1252 4789 nostra
1269 4714 1487 4792 confirmasse
1503 4714 1588 4793 Dec
1605 4730 1641 4792 et
1658 4715 1800 4795 ecclesie
1816 4719 1925 4795 sancti
1942 4720 2117 4797 Johannis

609 4848 757 4953 apostoli
782 4863 818 4925 et
839 4846 1052 4951 euangeliste
1077 4848 1122 4923 de
1146 4848 1353 4955 Inoheffryn
1377 4863 1413 4925 et
1434 4849 1612 4926 canonicis
1633 4851 1765 4927 ibidem
1781 4852 1864 4930 Deo
1885 4855 2116 4936 seruientibus
