5734 6700
750 775 772 843 8
1324 769 1685 848 REGISTRUM

749 999 948 1080 nominatae
967 1017 1077 1079 terras
1094 1004 1252 1106 pertinet
1269 1005 1307 1080 in
1327 1019 1543 1106 perpetuum
1563 1004 1845 1104 aequietebimue
1876 1047 1885 1065 ·
1916 1004 2044 1080 Proter
2058 1003 2126 1080 hee
2143 1019 2264 1082 autern

749 1132 862 1234 adjeci
879 1133 926 1208 od
941 1132 1115 1210 honorem
1131 1136 1206 1214 Dei
1223 1152 1259 1213 et
1275 1137 1539 1236 promotionem
1555 1135 1624 1212 loei
1640 1151 1678 1213 et
1693 1137 1913 1238 prefatorum
1931 1136 2184 1212 canonicorum
2199 1138 2265 1212 lus·

750 1266 984 1342 tentationem
1002 1267 1181 1344 eoolelinm
1202 1269 1312 1346 lancti
1330 1269 1477 1345 Petrieii
1496 1270 1543 1346 de
1562 1267 1734 1370 Strogeth
1756 1313 1765 1329 ·
1785 1269 1966 1346 eeoleliam
1982 1270 2092 1345 saneti
2111 1268 2266 1346 Semoni

750 1399 795 1475 de
818 1398 1006 1500 Dunnyne
1032 1441 1042 1461 ·
1068 1399 1247 1478 ooeleliem
1268 1402 1375 1478 santii
1399 1400 1547 1478 caetani
1572 1402 1619 1477 de
1646 1401 1933 1504 Abbyrothuin·
1957 1400 2137 1478 eeclesiam
2159 1401 2267 1476 sanciti

651 1605 655 1612 ,
750 1533 964 1616 oeokheffolr
981 1533 1026 1608 de
1044 1530 1303 1609 Ouelrtirnrdor
1326 1575 1336 1596 ·
1363 1533 1543 1610 eoelefiam
1558 1533 1666 1608 senili
1682 1532 1798 1608 Beani
1814 1534 1861 1608 de
1878 1533 2039 1635 Kynkell
2056 1577 2065 1594 ·
2087 1535 2267 1612 ecetefiam

750 1665 855 1740 santii
869 1665 983 1742 Beani
1000 1665 1046 1741 do
1062 1664 1197 1742 Fowlis
1216 1709 1224 1726 ·
1243 1665 1422 1743 ecelesiam
1439 1666 1546 1742 santii
1560 1665 1758 1768 Iphernani
1771 1664 1817 1740 de
1829 1665 2039 1767 maddyrny
2059 1709 2069 1726 ·
2086 1667 2267 1743 eoeleliam

751 1798 858 1874 saneti
876 1796 1030 1873 Semoni
1046 1798 1092 1874 de
1105 1797 1334 1899 meydeunrd
1352 1841 1361 1860 ·
1380 1798 1562 1876 eooleliam
1578 1799 1694 1874 fauete
1707 1796 1855 1898 Brigide
1872 1798 1918 1872 de
1931 1796 2119 1901 Kylbryde
2136 1841 2148 1862 ·
2166 1800 2267 1876 Ten-

750 1931 861 2007 endne
873 1930 936 2006 fibi
954 1943 991 2007 et
1008 1931 1257 2008 suoeefforibue
1274 1932 1440 2008 suiacum
1456 1931 1561 2008 terrie
1578 1948 1615 2007 et
1631 1930 1781 2032 pasturis
1798 1943 1835 2004 et
1850 1929 2029 2032 herbagiis
2045 1945 2082 2007 et
2098 1932 2267 2007 omuibus

750 2059 827 2139 aliis
835 2063 939 2164 justis
952 2063 1177 2164 pertinentiis
1189 2065 1259 2139 suis
1272 2078 1309 2140 et
1322 2063 1534 2140 oifinmentie
1546 2063 1585 2138 in
1597 2089 1726 2165 puram
1737 2076 1774 2136 et
1785 2076 1998 2164 perpetuum
2010 2063 2267 2166 eleemosynam

751 2197 803 2272 itu
818 2195 928 2271 libore
946 2211 982 2271 et
998 2195 1119 2293 quiete
1136 2195 1295 2298 plenarie
1316 2211 1352 2273 et
1371 2196 1568 2272 honorilice
1587 2198 1676 2271 liout
1697 2195 1806 2296 aliqui
1826 2195 1977 2298 religioli
1998 2197 2137 2298 aliquas
2158 2199 2268 2276 eoele-

750 2330 815 2403 fias
832 2328 869 2403 in
887 2341 963 2404 toto
981 2353 1092 2429 regno
1105 2329 1226 2405 Sentio
1242 2329 1386 2406 liberine
1403 2328 1559 2430 quietius
1581 2329 1763 2431 plenarius
1784 2345 1821 2404 et
1836 2329 2131 2407 honorificentius
2143 2346 2269 2409 tenent

750 2475 787 2536 ot
811 2460 985 2562 poffldent
1012 2486 1058 2535 ex
1085 2461 1181 2536 dono
1206 2459 1355 2562 alicujus
1378 2461 1518 2537 comitis
1539 2460 1596 2538 vel
1615 2462 1761 2537 baronis
1784 2503 1794 2522 ·
1817 2462 1887 2536 His
1912 2463 2060 2539 testibus
2083 2464 2269 2541 Abbruem

752 2595 999 2674 Dunblenenfi
1010 2596 1188 2699 Epiloopo
1200 2597 1552 2675 ·WillelmoAbbate
1563 2599 1610 2676 <le
1623 2599 1742 2676 Souna
1753 2598 1936 2676 ·Gilberto
1948 2598 2213 2677 Arohidiaeono
2223 2604 2270 2678 de

754 2731 970 2833 Stretheryn
988 2774 997 2792 ·
1017 2731 1179 2808 Roberto
1194 2771 1203 2792 ·
1217 2731 1384 2834 Fergufio
1398 2773 1408 2793 ·
1420 2731 1560 2816 melitio
1575 2777 1584 2795 ·
1601 2732 1770 2810 Gilberto
1785 2732 1867 2808 filiis
1883 2733 1973 2809 meis
1986 2776 1994 2792 ·
2006 2734 2145 2818 molitio
2160 2737 2270 2814 lenes·

752 2863 841 2942 callo
859 2891 938 2944 meo
957 2865 1100 2942 -Bricio
1117 2866 1265 2969 persona
1282 2867 1327 2942 de
1346 2867 1464 2944 Oreffe
1485 2909 1494 2927 ·
1511 2868 1712 2944 Doneonno
1728 2883 1766 2944 et
1783 2866 2005 2944 Gillethoma
2018 2868 2100 2944 liliis
2116 2870 2269 2954 otatiti·

752 2996 951 3074 Doneonno
972 2997 1045 3073 lilio
1062 2999 1175 3074 Breni
1199 3042 1208 3058 ·
1232 2998 1377 3076 Gilorill
1397 2999 1472 3076 filio
1488 3001 1624 3102 judicie
1643 3002 1689 3078 de
1707 3001 1924 3103 Stratherp‘m
1947 3044 1955 3060 ·
1980 3001 2141 3078 Henrieo
2166 3003 2270 3080 Ren-

753 3131 853 3207 nerio
868 3158 951 3208 meo
976 3175 985 3192 ·
1007 3131 1188 3208 Trestrem
1204 3132 1277 3206 lilio
1296 3133 1478 3210 Trestrem
1501 3178 1509 3195 ·
1529 3134 1766 3212 Constantino
1784 3136 1943 3236 dapifero
1964 3175 1974 3196 ·
1993 3136 2181 3213 Thebaldo
2198 3138 2270 3212 dis-

754 3266 914 3368 pensario
931 3293 1011 3342 meo
1029 3282 1066 3343 et
1082 3267 1204 3344 multis
1221 3265 1298 3344 aliis
1317 3310 1326 3328 ·

757 3642 830 3746 Do
846 3667 1012 3745 libertate
1028 3670 1171 3771 proprie
1188 3672 1287 3747 onrie
1304 3672 1558 3749 canonicorum
1576 3713 1587 3732 ·

714 3944 739 4011 t
759 3910 955 4013 Gilbertus
970 3936 1066 4013 filius
1083 3937 1234 4015 Ferteth
1249 3966 1369 4016 eomes
1385 3940 1431 4015 de
1451 3939 1667 4043 Strutheryn
1681 3939 1850 4017 omuibus
1869 3944 1996 4019 amieis
2015 3944 2085 4020 snio
2101 3961 2139 4022 et
2153 3946 2271 4023 homi·

755 4073 861 4148 nibus
882 4072 948 4147 hae
970 4071 1089 4148 literas
1106 4073 1227 4148 visuris
1243 4072 1300 4149 vel
1317 4074 1491 4151 audituris
1507 4075 1653 4151 salutem
1676 4119 1685 4137 ·
1710 4076 1839 4153 Sciatis
1856 4078 1953 4178 quod
1969 4078 2055 4155 dedi
2071 4094 2109 4156 et
2124 4084 2270 4159 ooneelli

755 4206 841 4282 Deo
865 4220 902 4283 et
928 4206 1049 4283 fanon
1073 4206 1233 4283 Johonni
1260 4208 1319 4284 de·
1334 4207 1529 4309 Inohafym
1553 4224 1591 4284 et
1616 4208 1733 4285 Priori
1757 4223 1795 4286 et
1818 4210 1999 4287 oauouioie
2025 4212 2161 4289 ibidem
2187 4214 2270 4293 Deo

755 4340 986 4417 servientibus
1003 4356 1040 4418 et
1056 4340 1233 4417 servituris
1249 4340 1343 4419 hano
1357 4340 1560 4419 libertatem
1571 4345 1610 4419 in
1622 4372 1751 4447 puram
1767 4359 1805 4421 et
1820 4360 2031 4447 perpetuum
2046 4347 2270 4426 elemolinem

756 4492 799 4551 ut
823 4502 908 4551 enm
934 4475 1054 4577 ulique
1078 4475 1222 4577 querele
1246 4504 1316 4579 que
1341 4478 1388 4553 ad
1414 4480 1552 4555 omium
1575 4506 1694 4557 meum
1721 4482 1829 4558 debet
1855 4484 2014 4583 spectare
2040 4497 2140 4559 motu
2162 4485 2271 4562 inerit

757 4612 860 4711 super
882 4610 1037 4713 aliquem
1058 4610 1240 4689 hominem
1257 4628 1465 4691 manentem
1487 4614 1527 4689 in
1547 4616 1653 4693 terrie
1674 4642 1800 4693 eornm
1822 4642 1899 4694 non
1916 4616 2080 4695 trahetur
2101 4620 2148 4695 de
2169 4622 2270 4697 terrie

758 4766 882 4817 eorum
898 4743 945 4817 ad
961 4744 1248 4843 respondendum
1265 4744 1349 4821 alibi
1360 4746 1420 4823 sed
1431 4759 1583 4825 teneant
1598 4748 1711 4826 libere
1726 4748 1858 4851 pleoitn
1872 4750 1933 4827 suo
1949 4752 2107 4850 profatur
2118 4750 2224 4827 Prior
2233 4768 2272 4829 et

759 4874 919 4951 eononioi
936 4876 973 4953 in
990 4891 1085 4953 term
1104 4877 1165 4955 suu
1186 4878 1388 4980 ubieunque
1410 4879 1590 4958 voluerint
1609 4898 1647 4960 et
1665 4910 1733 4986 per
1751 4885 1980 4985 quosounque
1998 4886 2052 4961 eie
2069 4884 2243 4986 placuerit
2260 4926 2270 4943 ·
