5734 6700
1039 769 1118 844 ns
1150 765 1557 844 incensantur.
1860 732 1866 743 ’
2001 781 2048 852 49

542 1015 737 1076 conuentus
771 1001 857 1076 mihi
890 1013 928 1077 et
955 1001 1107 1077 Oristine
1140 1001 1260 1102 sponse
1286 1027 1365 1078 mee
1395 1014 1432 1076 et
1458 999 1650 1075 heredibus
1676 1003 1764 1077 meis
1789 1003 2051 1083 fraternitatem

542 1134 738 1234 ‹nonasterij
763 1135 814 1208 sui
841 1135 878 1208 in
906 1135 1122 1210 orationibus
1145 1133 1339 1209 elemosinis
1365 1147 1403 1208 et
1425 1131 1620 1232 martilegio
1642 1147 1679 1208 et
1699 1134 1826 1212 ceteris
1852 1136 1955 1212 bonis
1981 1165 2051 1238 que
2147 1219 2150 1228 ,

541 1266 675 1341 suerint
701 1265 914 1366 generaliter
946 1293 1014 1369 pro
1042 1267 1278 1342 confratribus
1304 1267 1424 1342 diuino
1460 1265 1615 1343 caritatis
1645 1265 1777 1342 intuitu
1810 1271 2051 1347 concederunt

541 1415 578 1474 et
604 1399 671 1474 hoc
693 1401 790 1476 idem
810 1401 1000 1477 heredibus
1024 1402 1112 1477 meis
1142 1401 1374 1478 ficaritatiue
1400 1399 1569 1500 petierint
1592 1402 1833 1479 concesserunt
1859 1445 1869 1465 ·
1898 1405 2052 1482 Conces-

540 1533 659 1608 serunt
685 1534 792 1608 etiam
818 1534 900 1610 dissi
925 1536 1033 1610 abbas
1059 1550 1095 1612 et
1121 1549 1318 1610 conuentus
1338 1533 1426 1608 mibi
1443 1547 1480 1606 et
1496 1530 1689 1608 heredibus
1713 1535 1801 1610 meis
1824 1539 1991 1637 quatinus
2011 1541 2050 1614 in

541 1665 591 1738 eis
615 1667 664 1740 esi
689 1665 860 1766 capellam
886 1669 1040 1742 nostram
1075 1668 1111 1742 in
1138 1695 1209 1767 qua
1243 1667 1343 1743 nobis
1377 1668 1503 1767 possint
1537 1663 1660 1739 diuina
1688 1665 1860 1742 celebrari
1888 1667 1983 1744 salua
2010 1671 2050 1745 in

540 1797 703 1872 omnibus
724 1799 957 1874 indemnitate
967 1799 1121 1883 matricis
1132 1798 1273 1876 ecclesie
1292 1843 1300 1860 ·
1319 1801 1364 1875 In
1375 1804 1476 1900 cujus
1493 1807 1547 1881 rei
1563 1808 1802 1884 testimonium
1817 1810 1902 1886 huic
1919 1813 2049 1915 scripto

540 1927 688 2031 tigillum
711 1957 831 2006 meum
854 1931 999 2032 apposui
1022 1945 1059 2006 et
1081 1931 1127 2006 ad
1148 1931 1348 2008 instantiam
1364 1961 1481 2010 meam
1497 1937 1648 2039 tigillum
1664 1942 1802 2017 comitis
1820 1942 1903 2017 huic
1918 1943 2048 2045 scripto

538 2063 588 2138 est
605 2064 826 2165 appensum·

543 2443 758 2546 Concordia
774 2465 868 2540 inter
884 2465 1050 2539 abbatem
1067 2463 1112 2538 de
1129 2461 1253 2563 Oupro
1270 2475 1307 2537 et
1324 2461 1490 2536 abbatem
1508 2459 1624 2537 Insule
1640 2463 1826 2545 missarum
1844 2508 1853 2527 .

472 2729 521 2800 49
543 2704 649 2808 Cum
662 2731 757 2806 inter
765 2730 859 2804 viros
868 2727 1046 2829 religiosos
1059 2725 1245 2800 Andream
1255 2725 1329 2800 Dei
1339 2725 1457 2827 gratia
1469 2725 1634 2800 abbatem
1646 2727 1692 2800 de
1705 2727 1829 2828 Cupro
1840 2743 1877 2804 et
1889 2730 2046 2829 ejusdem

537 2862 606 2939 loci
622 2876 839 2939 conuentum
855 2886 901 2936 ex
917 2871 1020 2962 parte
1036 2884 1108 2932 vna
1123 2870 1160 2932 et
1178 2857 1371 2958 Hugonem
1388 2859 1544 2957 ejusdem
1559 2858 1676 2958 gratia
1692 2859 1857 2934 abbatem
1869 2861 1915 2936 de
1928 2861 2047 2939 Insula

537 2995 724 3078 missarum
740 3009 777 3072 et
793 2995 950 3096 ejusdem
965 2991 1035 3068 loci
1055 3005 1273 3066 conuentum
1291 3015 1338 3066 ex
1357 2991 1473 3066 altera
1492 2990 1636 3066 suborta
1649 2990 1765 3067 suifl'et
1780 2995 1928 3076 materia
1944 2999 2046 3096 ques.

537 3131 642 3207 tionis
668 3131 771 3232 super
791 3127 947 3228 quodam
968 3151 1087 3202 annuo
1111 3123 1254 3199 redditu
1274 3123 1463 3198 duodecim
1485 3122 1655 3198 librarum
1674 3151 1754 3200 cere
1774 3153 1880 3226 quem
1900 3129 2046 3228 quidem

536 3265 716 3342 redditum
733 3263 829 3337 idem
845 3261 953 3336 abbas
970 3273 1007 3334 et
1023 3271 1221 3334 conuentus
1244 3257 1289 3331 de
1310 3255 1434 3359 Capro
1456 3255 1518 3331 sibi
1541 3258 1725 3332 annuatim
1742 3259 1865 3335 deberi
1881 3262 2046 3340 dicebant

536 3400 581 3474 de
601 3396 809 3498 quibusdam
825 3394 989 3469 domibus
1009 3405 1046 3467 et
1071 3391 1177 3465 terris
1201 3390 1272 3465 sitis
1295 3388 1333 3463 in
1349 3388 1432 3463 villa
1457 3390 1502 3465 de
1528 3372 1645 3465 Perth'
1660 3416 1749 3490 quas
1768 3393 1932 3494 magister
1951 3395 2046 3471 Wil.

533 3530 661 3606 lelmus
686 3528 854 3603 Dunslan
871 3540 907 3601 et
924 3520 1080 3608 michael
1102 3522 1214 3597 dictus
1237 3521 1282 3596 ds
1299 3518 1505 3596 Incbaffran
1528 3522 1577 3595 ad
1595 3521 1841 3597 feodofirmam
1857 3539 1982 3602 tenent
1999 3530 2045 3605 de

534 3664 627 3739 dicto
643 3659 851 3745 monasterio
868 3658 912 3733 de
931 3654 1049 3731 Insula
1064 3653 1250 3739 miffamm
1268 3692 1278 3713 ·
1303 3653 1468 3727 Tandem
1484 3651 1568 3729 licet
1583 3655 1830 3737 monasterium
1846 3660 2043 3756 predisium

535 3798 579 3871 de
605 3794 725 3869 Insula
747 3791 932 3877 wiffam
954 3786 1127 3889 predisias
1150 3785 1277 3859 domus
1300 3798 1336 3860 et
1359 3800 1475 3860 terras
1497 3786 1543 3859 ab
1558 3784 1759 3883 hujusmodi
1783 3788 1945 3864 redditus
1962 3818 2043 3867 cere

535 3929 746 4031 prestatione
758 3924 885 3999 liberas
897 3936 934 3997 et
946 3920 1122 3995 immunes
1138 3918 1284 4019 triginta
1295 3930 1333 3993 et
1347 3944 1477 3992 nouem
1487 3944 1598 3992 annos
1608 3932 1645 3991 et
1657 3918 1809 4018 amplius
1822 3921 2042 4037 poffediii'ent

534 4086 576 4135 ac
598 4059 744 4157 dejure
766 4054 822 4130 vel
844 4053 1044 4155 peffeffione
1069 4050 1242 4125 diciorum
1264 4046 1400 4123 abbatis
1423 4062 1462 4122 et
1481 4060 1680 4121 conuentus
1702 4046 1747 4121 de
1770 4046 1895 4148 Oupro
1915 4050 1952 4122 in
1973 4050 2041 4127 bac

534 4200 638 4291 parte
655 4184 866 4263 sufficienter
890 4208 962 4257 non
987 4180 1138 4280 liquerat
1161 4176 1479 4253 interuenientibus
1505 4190 1626 4251 tamen
1643 4177 1890 4251 communibus
1916 4182 2039 4257 amicis

535 4322 629 4395 inter
654 4332 775 4419 partes
802 4316 892 4417 ipsas
916 4312 1119 4413 hujusmodi
1147 4309 1339 4387 amicabilis
1368 4309 1576 4408 composicio
1602 4324 1640 4384 et
1667 4308 1823 4407 specialis
1848 4314 2039 4390 conuentio

534 4450 728 4527 interuenit
759 4446 924 4521 videlicet
958 4444 1055 4545 quod
1086 4441 1215 4545 prefati
1248 4442 1356 4517 abbas
1389 4456 1426 4516 et
1460 4452 1657 4515 conuentus
1684 4440 1730 4514 de
1754 4438 1878 4542 Cupro
1904 4443 2037 4523 dicium

533 4612 693 4663 annuum
718 4581 899 4657 redditum
922 4605 1003 4655 cere
1025 4602 1229 4675 nuncquam
1253 4575 1298 4650 de
1324 4588 1442 4649 cetero
1464 4585 1628 4674 peterent
1647 4571 1704 4647 vel
1725 4588 1847 4674 petere
1867 4590 2037 4677 poterunt

533 4716 679 4823 predisii
707 4741 792 4791 vero
820 4714 928 4789 abbas
955 4726 992 4787 et
1019 4723 1215 4785 conuentus
1240 4708 1285 4782 de
1310 4704 1428 4779 Insula
1457 4705 1641 4790 oeiffarum
1666 4732 1732 4806 pro
1757 4708 1853 4782 bono
1876 4708 1975 4809 pacis
2000 4727 2038 4789 et

532 4847 777 4949 redemptione
804 4844 1001 4921 vexationis
1030 4841 1089 4917 sue
1122 4841 1224 4941 super
1257 4839 1399 4915 redditu
1428 4837 1587 4939 predisio
1614 4838 1819 4940 supradislis
1849 4840 1970 4919 abbati
1999 4858 2038 4926 et

1763 4996 1788 5047 o
