5734 6700
748 757 795 826 10
1321 744 1683 823 REGISTRUM

749 981 960 1058 animalibus
982 1021 992 1042 ·
1018 995 1056 1056 et
1075 981 1249 1057 decimam
1269 981 1381 1056 totius
1400 981 1600 1057 venationis
1624 981 1741 1054 nostre
1766 995 1804 1054 et
1823 979 1987 1055 omnium
2006 1005 2077 1078 que
2102 979 2206 1056 nobis
2224 979 2263 1052 in

750 1114 951 1192 volumnus
967 1127 1030 1188 aut
1045 1115 1189 1212 piffibuo
1206 1113 1451 1212 alicujusmodi
1467 1113 1547 1188 eibo
1561 1110 1617 1188 vel
1632 1125 1722 1211 potu
1738 1111 1971 1211 prouenerint
1983 1151 1995 1172 ·
2007 1112 2139 1187 viuum
2155 1112 2265 1187 etiam

751 1249 917 1326 sernieuti
932 1249 993 1324 suo
1010 1273 1257 1348 quemcunque
1277 1247 1339 1348 ipsi
1361 1246 1543 1346 posuerint
1565 1247 1607 1320 in
1628 1245 1746 1320 euriae
1767 1247 1904 1321 nostrae
1926 1245 1974 1319 ad
1992 1245 2212 1346 exigendum
2227 1259 2265 1320 et

750 1379 1019 1482 percipiendum
1036 1405 1081 1454 ex
1091 1393 1195 1481 parte
1211 1405 1334 1454 eorum
1347 1379 1522 1480 predistao
1539 1377 1697 1453 decimas
1709 1378 1843 1452 nostrae
1853 1375 2011 1478 plenarie
2020 1393 2058 1452 et
2069 1375 2264 1452 honorifice

751 1515 839 1588 sieut
854 1513 919 1586 nni
930 1511 1161 1588 serviendium
1178 1513 1376 1587 nostrorum
1394 1551 1405 1570 ·
1426 1510 1608 1586 licentiam
1625 1537 1768 1610 quoque
1784 1525 1822 1586 et
1836 1509 2037 1586 libertatem
2054 1511 2211 1611 piseandi
2228 1523 2266 1586 et

751 1643 954 1748 aucupandi
970 1671 1036 1744 per
1051 1671 1175 1720 omnes
1192 1658 1303 1719 terrae
1320 1655 1358 1719 et
1374 1669 1486 1744 aquae
1501 1655 1540 1718 et
1554 1644 1655 1717 saeue
1671 1643 1806 1718 nostros
1822 1643 1882 1718 vbi
1902 1644 2047 1742 qnando
2062 1642 2263 1718 voluerint·

751 1793 789 1854 et
813 1777 997 1853 materiem
1022 1777 1068 1852 ad
1091 1777 1231 1853 edisieia
1252 1776 1313 1852 sua
1337 1791 1374 1852 et
1399 1777 1447 1851 ad
1465 1802 1591 1852 omnee
1612 1775 1700 1852 alios
1721 1776 1802 1850 vsue
1823 1775 1904 1850 suos
1926 1791 1964 1851 et
1984 1777 2205 1877 paffnagium
2227 1789 2265 1850 et

751 1911 899 1986 corticeo
916 1925 953 1986 et
969 1909 1066 2012 ligna
1083 1911 1130 1985 ad
1149 1912 1288 2012 pastum
1305 1910 1399 2012 ignis
1418 1909 1457 1983 in
1479 1908 1575 1984 siluis
1596 1911 1726 1984 nostrie
1746 1909 1807 1984 vbi
1829 1909 2007 1986 voluerint
2029 1925 2067 1986 et
2089 1924 2264 2012 quantum

750 2046 813 2120 sibi
837 2045 941 2121 suerit
965 2045 1011 2120 de
1035 2044 1106 2119 hiis
1129 2043 1273 2146 singulis
1296 2043 1527 2120 necessarium
1555 2087 1565 2104 ·
1598 2044 1680 2119 Hee
1707 2043 1816 2144 igitur
1842 2044 1963 2120 omnia
1983 2044 2064 2120 volo
2086 2060 2263 2145 quatenus

751 2177 899 2280 predidti
921 2179 1083 2254 canonici
1104 2191 1252 2254 teneant
1270 2192 1308 2253 et
1329 2177 1527 2279 possideant
1547 2177 1593 2254 de
1614 2205 1674 2254 me
1694 2192 1731 2252 et
1752 2176 1946 2253 heredibus
1965 2179 2054 2254 meis
2075 2180 2114 2253 in
2135 2207 2263 2281 puram

750 2327 788 2388 et
811 2327 1020 2414 perpetuam
1044 2311 1260 2388 elimosinam
1284 2311 1336 2387 ita
1364 2310 1476 2386 libere
1502 2325 1539 2387 et
1563 2311 1685 2411 quiete
1710 2309 1872 2412 plenarie
1894 2326 1933 2387 et
1956 2311 2152 2389 honorifice
2175 2316 2264 2390 sient

749 2445 867 2548 aliqua
882 2445 1061 2522 elimosina
1076 2447 1117 2522 in
1141 2461 1218 2522 toto
1234 2472 1346 2548 regno
1361 2443 1507 2520 liberine
1530 2445 1684 2544 quietius
1704 2444 1887 2546 plenarius
1911 2460 1949 2522 et
1970 2446 2263 2524 honorifioentiue

750 2593 893 2656 tenetur
908 2595 944 2656 et
961 2580 1153 2681 possidetur
1171 2620 1180 2640 ·
1207 2579 1375 2654 Preterea
1392 2579 1542 2654 eoueeffi
1564 2578 1697 2654 eisdem
1712 2577 1892 2653 eanouioie
1915 2592 1953 2652 et
1971 2578 2039 2654 hac
2058 2595 2155 2655 certa
2179 2607 2261 2658 mea

749 2711 995 2788 confirmando
1011 2709 1223 2788 confirmaui
1238 2725 1414 2810 quatenus
1431 2737 1499 2785 neo
1515 2736 1584 2811 ego
1604 2735 1672 2785 neo
1688 2708 1815 2810 aliquis
1836 2708 2011 2785 heredum
2032 2737 2195 2788 meorum
2216 2714 2263 2788 de

747 2861 867 2924 eetero
884 2845 1106 2923 conferemus
1122 2845 1240 2946 aliquo
1257 2843 1364 2920 modo
1380 2843 1438 2919 vel
1453 2845 1501 2919 ad
1516 2845 1657 2919 sirmam
1672 2843 1935 2920 eommittemue
1960 2859 2090 2920 terram
2105 2846 2261 2947 aliquam

748 2980 806 3058 vel
822 2981 1064 3080 poffeffionem
1080 2979 1185 3054 alieni
1200 2977 1264 3052 nisi
1280 2977 1383 3052 saluis
1403 2978 1455 3052 eie
1474 2977 1521 3052 de
1537 2977 1664 3054 eadem
1688 2991 1785 3054 terra
1799 2977 1857 3054 vel
1879 2979 2081 3079 pofl'effioue
2097 2982 2263 3057 omnibus

749 3113 1107 3213 reditudinibusque
1123 3112 1175 3188 eie
1191 3112 1279 3187 dum
1295 3113 1412 3187 nostro
1428 3127 1531 3188 erant
1553 3111 1712 3189 dominio
1725 3113 1854 3189 exinde
1871 3113 2093 3190 debebantur
2103 3115 2161 3192 vel
2176 3117 2264 3191 dum

751 3271 816 3321 noo
833 3245 963 3320 exinde
982 3244 1116 3346 aliquid
1136 3243 1366 3345 contingebat
1391 3287 1399 3304 ·
1427 3244 1553 3333 Quare
1571 3249 1597 3320 si
1620 3247 1701 3347 quie
1722 3247 1879 3349 aliquam
1899 3262 2023 3324 eontra
2045 3275 2106 3324 eoo
2128 3265 2265 3326 certam

751 3378 1000 3453 monstrauerit
1027 3404 1072 3452 ne
1100 3380 1163 3478 jus
1196 3376 1297 3450 suum
1325 3377 1515 3453 vendicare
1540 3378 1597 3454 vel
1626 3380 1769 3480 exigere
1798 3381 1953 3457 debeant
1982 3408 2061 3457 eam
2091 3399 2266 3483 quantum

751 3510 888 3586 adhoc
912 3510 1077 3586 testificor
1102 3510 1170 3585 esse
1195 3509 1392 3585 cassandam
1419 3550 1428 3569 ·
1457 3512 1553 3585 saeta
1577 3513 1627 3586 est
1655 3511 1801 3589 donatio
1827 3540 1923 3590 anuo
1949 3516 2063 3617 gratie
2087 3516 2266 3601 millesimo

754 3654 832 3723 ee¹³⁰
857 3645 939 3719 Hiie
959 3644 1105 3720 testibus
1121 3641 1288 3718 Johanne
1305 3642 1481 3744 Episoopo
1497 3642 1744 3721 Dunkeldensi
1765 3688 1775 3707 ·
1797 3648 1954 3724 Jonatha
1971 3650 2145 3752 Episcopo
2161 3652 2267 3727 Dun-

753 3780 908 3857 bleneusi
927 3818 935 3835 ·
955 3776 1157 3853 Reinbaldo
1177 3775 1322 3851 Abbate
1332 3775 1378 3850 de
1393 3772 1511 3850 Souna
1529 3814 1539 3835 ·
1557 3777 1728 3853 eomitissa
1739 3779 1894 3862 matilda
1910 3782 1956 3858 de
1968 3782 2142 3887 Aubigny
2158 3812 2267 3862 uxore

755 3940 836 3990 mea
864 3954 873 3975 ·
904 3909 1043 3997 molisio
1067 3910 1176 3983 fratre
1200 3932 1281 3981 meo
1309 3948 1317 3967 ·
1348 3903 1529 3981 Willelmo
1546 3921 1583 3981 et
1599 3908 1749 3983 Ferteth
1767 3910 1848 3983 filiis
1874 3914 1963 3987 mein
1990 3955 1998 3973 ·
2027 3916 2171 3994 domino
2188 3920 2266 3991 W·

756 4044 925 4121 eanonieo
942 4042 988 4117 de
1002 4040 1143 4116 Scene·
1159 4036 1320 4114 Gillenee
1337 4035 1535 4111 Senescallo
1550 4063 1632 4112 meo
1650 4078 1660 4097 ·
1679 4038 1912 4116 Constantino
1928 4044 1953 4119 J
1954 4046 2058 4123 udiee
2076 4092 2085 4109 ·
2103 4049 2267 4125 Aneehol

757 4178 878 4255 thaino
895 4201 976 4256 meo
993 4174 1040 4249 de
1057 4170 1201 4273 Dunyn
1220 4212 1229 4231 ·
1247 4184 1284 4245 et
1300 4166 1424 4243 multis
1440 4166 1518 4243 aliie
1537 4210 1546 4227 ·
