5734 6700
1050 742 1129 817 DE
1160 743 1226 818 IN
1232 741 1561 820 OHAFFERY.
2017 752 2066 822 23

552 975 722 1050 assensum
746 975 946 1051 sereniffimi
966 976 1103 1052 domini
1128 976 1198 1052 mei
1225 976 1375 1052 Roberti
1400 977 1540 1052 comitis
1563 977 1609 1052 de
1636 976 1852 1078 Stratheryn
1875 977 2066 1077 impetraui

552 1107 614 1207 qui
630 1121 667 1182 et
683 1107 721 1180 in
738 1108 876 1208 iignum
892 1107 944 1182 sui
960 1107 1112 1183 offensus
1128 1106 1221 1182 hano
1243 1132 1360 1182 meam
1383 1108 1614 1184 donationem
1634 1109 1682 1183 ad
1700 1135 1781 1184 mee
1800 1108 2065 1210 supplicationis

551 1241 754 1316 instantiam
779 1241 880 1342 sigilli
899 1241 951 1316 sui
973 1242 1174 1318 testimonio
1197 1243 1423 1319 confirmauit
1447 1244 1615 1320 Testibus
1637 1245 1785 1320 domiuo
1807 1245 1975 1345 Fergufio
1991 1245 2065 1322 filio

551 1373 689 1448 comitis
718 1415 727 1434 ·
754 1375 898 1450 domino
922 1375 1066 1475 Rogcro
1084 1374 1130 1450 de
1150 1373 1324 1449 Luuetoft
1343 1417 1352 1434 ·
1374 1375 1520 1452 domino
1541 1377 1725 1452 Richardo
1745 1376 1856 1461 milite
1872 1417 1883 1438 ·
1901 1378 2063 1480 ‹ocgistro

551 1505 608 1584 O·
626 1510 775 1608 persona
791 1508 837 1583 de
853 1507 1007 1608 rouyhe·
1028 1507 1189 1583 chrico
1200 1508 1404 1584 Rennario·
1423 1509 1603 1594 oeakbeth
1616 1513 1747 1596 more·
1765 1525 1803 1587 et
1819 1510 1940 1595 (uultis
1956 1510 2033 1586 aliis
2051 1553 2062 1572 ·

550 1881 794 1986 Confirmatio
814 1907 952 1984 comitis
973 1908 1124 1984 Roberti
1142 1908 1188 1983 de
1205 1906 1368 1983 omnibus
1386 1905 1538 1982 ecolefiis
1554 1907 1659 1983 terris
1675 1923 1713 1982 et
1736 1909 1997 2006 pofl’effionibus
2023 1926 2061 1985 et

549 2043 696 2120 decimis
715 2043 968 2120 canonicorum
988 2088 997 2104 ·

480 2325 527 2392 21
550 2287 750 2390 Robertus
775 2340 894 2390 comes
913 2314 960 2388 de
983 2311 1199 2414 Stratheryn
1220 2311 1386 2386 omnibus
1407 2310 1475 2385 hoo
1493 2310 1659 2411 scriptum
1677 2311 1799 2386 visuris
1815 2311 1872 2387 vel
1888 2312 2062 2387 audituris

559 2444 709 2521 salutem
734 2489 743 2504 ·
771 2445 896 2520 Sciant
916 2446 1095 2546 presentes
1119 2459 1156 2518 et
1174 2443 1287 2519 futuri
1303 2469 1361 2519 me
1376 2443 1571 2518 conoeffiffe
1586 2458 1625 2519 et
1639 2443 1707 2519 hac
1723 2459 1821 2520 carta
1834 2471 1915 2523 mea
1934 2445 2065 2520 confir·
2161 2520 2163 2524 ,

549 2579 656 2653 maffc
686 2578 754 2653 deo
784 2593 821 2653 ct
849 2578 954 2652 beate
983 2577 1102 2660 marie
1132 2592 1169 2653 et
1197 2576 1302 2652 beato
1336 2575 1497 2652 Johnnni
1529 2575 1686 2677 apostolo
1714 2575 1761 2652 dc
1795 2576 1990 2678 Inchafrpu
2023 2592 2061 2652 et

543 2711 724 2787 canonicis
753 2711 908 2813 ejusdem
936 2710 1004 2786 loci
1034 2737 1229 2812 eorumque
1257 2709 1508 2786 succofforibus
1542 2709 1737 2811 Tenendas
1764 2711 1828 2785 fibi
1858 2712 1903 2786 de
1932 2738 1991 2787 me
2021 2728 2060 2788 et

543 2845 734 2922 heredibus
756 2845 843 2920 mois
865 2845 904 2920 in
926 2870 1055 2946 puram
1078 2859 1116 2920 ct
1139 2859 1352 2946 perpetuam
1370 2843 1593 2920 elemoiinam
1616 2868 1741 2919 omnes
1758 2843 1918 2919 ccclefias
1944 2860 2058 2922 terras

545 2991 581 3053 et
605 2979 825 3080 poffeffiones
854 2979 1036 3056 libertates
1060 2979 1289 3054 rectitudines
1315 2977 1588 3054 consuetudines
1616 2978 1821 3054 aisiamenta
1841 2994 1879 3054 et
1902 2979 2058 3054 decimas

544 3114 767 3190 omnimodas
783 3114 821 3188 in
838 3113 945 3188 domo
962 3114 1079 3188 nostra
1095 3127 1132 3188 et
1148 3112 1186 3186 in
1203 3113 1305 3188 terris
1323 3111 1449 3188 nostris
1466 3125 1503 3186 et
1518 3125 1638 3188 cetera
1653 3112 1773 3187 omnia
1790 3139 1859 3212 quc
1875 3114 2058 3214 prenomi-

543 3261 649 3322 natus
671 3273 789 3324 comes
813 3247 979 3324 domiuus
1000 3261 1037 3322 et
1057 3260 1160 3349 pater
1181 3273 1284 3322 meus
1305 3245 1435 3322 eisdem
1460 3245 1640 3321 canonicis
1662 3245 1764 3322 dedit
1785 3260 1823 3322 ct
1838 3247 2003 3322 concedit
2019 3265 2057 3322 ct

543 3408 608 3483 per
624 3398 739 3459 cartas
753 3383 833 3457 suas
850 3383 935 3458 inde
951 3381 1059 3458 facias
1076 3381 1301 3457 confirmauit
1318 3381 1369 3457 ita
1384 3380 1494 3457 libere
1506 3381 1626 3481 quiete
1638 3380 1797 3482 plenarie
1810 3396 1847 3457 et
1862 3382 2057 3458 honorifice

543 3531 579 3593 et
608 3518 748 3619 integre
777 3520 863 3592 ficut
893 3516 1023 3591 eisdem
1052 3516 1159 3591 cartis
1189 3516 1300 3617 patris
1330 3515 1401 3591 mei
1431 3531 1469 3592 et
1496 3516 1586 3591 meis
1614 3516 1818 3592 continetur
1847 3561 1855 3576 ·
1885 3518 2055 3593 Preterea

543 3652 701 3728 concedo
718 3651 884 3754 predictis
907 3649 1088 3725 canonicis
1105 3664 1142 3725 et
1155 3649 1205 3725 eis
1222 3664 1397 3751 perpetuo
1415 3650 1461 3725 dc
1476 3676 1536 3725 me
1553 3665 1589 3725 et
1604 3649 1795 3726 heredibus
1816 3652 1905 3726 meis
1928 3652 2054 3727 incon-

542 3786 635 3860 cuffe
662 3784 876 3859 Tenendum
902 3782 1056 3885 presenti
1079 3796 1177 3858 carta
1193 3784 1366 3858 confirmo
1389 3796 1565 3882 quatenus
1588 3782 1707 3857 nullus
1733 3785 1890 3858 nostrum
1916 3784 1978 3858 det
1997 3782 2054 3859 vel

542 3918 661 4018 aliquo
678 3918 785 3994 modo
806 3918 966 3994 conferat
986 3917 1090 3993 alicui
1107 3932 1240 3993 terram
1255 3916 1312 3993 vel
1329 3918 1522 4018 quidquam
1541 3915 1640 3992 uliud
1655 3917 1717 3991 nifi
1734 3916 1837 3991 saluis
1858 3916 2053 3992 elemofinis

540 4052 809 4127 rediitudinibus
837 4052 884 4126 ad
910 4052 1003 4153 ipsos
1031 4050 1218 4127 canonicos
1248 4052 1400 4153 dejure
1429 4051 1692 4153 pertinentibus
1727 4095 1736 4111 ·
1772 4051 1855 4126 Hiis
1885 4052 2052 4129 Testibus

541 4186 700 4261 Abraam
726 4186 901 4289 Episcopo
926 4186 1171 4262 Dunblanenfi
1207 4230 1216 4247 ·
1252 4186 1417 4263 Gilberto
1442 4186 1693 4262 archidiacono
1726 4187 1771 4261 de
1798 4186 2011 4290 Stratheryn
2038 4232 2048 4251 ·

541 4317 707 4420 Fergufio
731 4317 869 4401 molitio
891 4318 1056 4395 Gilberto
1081 4318 1247 4393 fratribus
1268 4320 1356 4394 meis
1379 4318 1526 4394 ·Bricio
1545 4320 1692 4421 persona
1712 4320 1757 4395 de
1778 4319 1884 4397 Orefe
1908 4361 1917 4380 ·
1938 4322 2049 4405 mak-

540 4451 627 4528 beth
642 4450 747 4531 (Don-
766 4494 774 4513 ·
791 4451 973 4528 Dunoano
991 4466 1027 4527 et
1046 4450 1265 4528 Gillethoma
1280 4450 1361 4527 filiis
1378 4450 1507 4534 malini
1525 4492 1535 4511 ·
1554 4467 1590 4526 et
1607 4450 1726 4533 multis
1741 4451 1819 4527 aliis
1838 4496 1846 4512 ·
