5734 6700
1188 903 1462 970 APPENDIX.
1995 903 2073 968 xxxi

562 1121 836 1202 conuadicleres
858 1121 888 1197 si
911 1121 973 1223 qui
994 1120 1129 1198 fuerint
1149 1137 1186 1198 et
1208 1119 1358 1198 rebelles
1374 1145 1645 1222 percensuram
1660 1119 1931 1199 eudesiasticam
1947 1121 2071 1222 appel·

560 1257 694 1334 latione
710 1253 908 1356 postposita
922 1253 1179 1356 compescendo
1203 1296 1213 1314 ·
1235 1253 1378 1330 Datum
1390 1251 1545 1330 Viterbii
1561 1255 1613 1329 iii⁰
1630 1253 1718 1329 Idus
1729 1252 1831 1331 Junii
1842 1253 2070 1354 pontificatus

560 1387 672 1464 nostri
693 1412 789 1463 anno
810 1389 847 1486 xj
876 1426 886 1447 ·
916 1387 1039 1489 Hujus
1061 1385 1171 1488 igitur
1192 1385 1402 1463 aumoritatc
1427 1385 1587 1460 mandati
1616 1411 1699 1461 cum
1723 1399 1798 1461 tam
1822 1385 1936 1462 dicus
1960 1386 2070 1488 Epis-

559 1546 670 1622 copus
686 1518 955 1596 Duublanensis
977 1545 1086 1620 quam
1101 1517 1269 1595 Valterns
1287 1518 1459 1621 Oumyng
1480 1545 1602 1596 comes
1623 1520 1671 1596 de
1690 1518 1860 1596 Menteth
1884 1520 1923 1594 in
1947 1534 2070 1596 nostra

557 1652 737 1754 presentia
765 1665 884 1728 essent
906 1650 1092 1728 constituti
1115 1667 1198 1752 post
1230 1650 1477 1728 altercationes
1510 1651 1727 1729 ordinationi
1755 1664 1876 1728 nostre
1908 1677 1948 1728 se
1980 1653 2067 1726 sub·

552 1787 719 1885 jecerunt
744 1811 853 1886 super
878 1785 1044 1860 omnibus
1069 1780 1355 1860 contentionibus
1381 1797 1418 1860 et
1444 1783 1595 1884 querelis
1625 1783 1720 1860 inter
1745 1784 1843 1887 ipsos
1871 1785 1979 1859 motis
2011 1783 2068 1860 rel

556 1943 626 2017 que
636 1916 753 2018 aliquo
767 1931 928 2019 tempore
943 1916 1102 2019 poterint
1119 1941 1227 2018 super
1243 1915 1475 2017 infrascriptis
1490 1917 1624 1992 moveri
1638 1931 1677 1992 et
1691 1942 1801 2018 super
1816 1915 2066 1994 reformatione

555 2065 669 2126 status
685 2049 845 2126 Ecclesia
861 2047 1131 2124 Duublanensis
1141 2080 1155 2136 t
1165 2072 1232 2124 nos
1247 2047 1369 2123 habito
1382 2073 1468 2125 vero
1478 2048 1634 2124 virorum
1648 2047 1880 2147 prudentium
1892 2048 2037 2124 consilio
2050 2084 2063 2136 Ι

554 2181 591 2256 in
614 2180 711 2257 hunc
735 2180 885 2258 modum
909 2181 1004 2258 inter
1028 2205 1089 2257 eos
1113 2178 1354 2256 ordinavimus
1371 2213 1385 2269 t
1402 2179 1567 2256 videlicet
1593 2179 1705 2270 Quod
1730 2179 1846 2258 dictus
1866 2180 2063 2284 Episcopus

555 2311 824 2390 Duublanensis
853 2313 997 2389 nemine
1025 2308 1184 2387 Ecclesia
1211 2337 1273 2387 sue
1296 2337 1361 2412 pro
1383 2338 1422 2388 se
1444 2327 1482 2388 et
1502 2313 1771 2388 successoribus
1792 2312 1868 2388 suis
1895 2317 2062 2390 omnibus

552 2447 738 2523 renunciet
767 2445 866 2522 omni
887 2444 964 2548 juri
990 2444 1087 2545 quod
1110 2444 1281 2546 Episcopi
1301 2443 1357 2519 rel
1377 2459 1619 2522 antecessores
1644 2446 1703 2521 sui
1729 2445 1872 2522 nomine
1901 2446 2061 2522 Ecclesia

552 2577 823 2656 Duublanensis
833 2578 1034 2653 habuerunt
1045 2574 1102 2652 vel
1115 2575 1246 2652 habere
1257 2589 1454 2675 potnerunt
1465 2576 1522 2654 rel
1534 2578 1693 2678 poterint
1705 2579 1742 2652 in
1755 2579 1858 2654 terris
1874 2577 1929 2654 rel
1947 2578 2060 2655 dena·

551 2709 612 2784 riis
632 2709 785 2810 receptis
807 2710 852 2786 de
874 2709 977 2785 terris
999 2721 1036 2786 et
1057 2708 1095 2782 in
1112 2707 1211 2783 oanis
1227 2708 1392 2784 omnibns
1410 2706 1570 2784 Ecclesia
1587 2724 1624 2784 et
1639 2708 1794 2785 denariis
1811 2711 1996 2784 annuatim
2013 2712 2058 2784 ab

551 2841 718 2918 Ecclesiis
735 2841 924 2918 comitatus
937 2839 983 2916 de
995 2837 1166 2914 Menteth
1177 2838 1356 2940 inquibus
1369 2839 1484 2915 didtus
1496 2865 1615 2915 comes
1627 2843 1689 2941 jos
1701 2840 1837 2916 obtinet
1848 2856 2057 2942 patronatus

547 2975 693 3052 nomine
708 2973 889 3075 pensionis
906 2972 1083 3074 perceptis
1100 2987 1141 3048 ut
1154 2949 1303 3047 'diceba
1316 2971 1430 3048 didius
1446 2970 1673 3074 Episcoposr
1690 2987 1727 3049 et
1746 2973 1911 3049 omnibns
1928 2999 2055 3073 quere-

546 3106 590 3182 lis
606 3107 845 3183 erattionibus
861 3103 917 3181 vel
933 3103 1119 3181 demandis
1136 3104 1229 3180 inter
1245 3129 1305 3180 eos
1322 3103 1428 3180 motis
1445 3102 1501 3209 'rel
1518 3131 1588 3206 que
1609 3103 1727 3206 aliquo
1737 3119 1898 3208 tempore
1914 3107 1959 3180 ab
1975 3107 2054 3207 ipso

545 3236 601 3314 vel
621 3238 903 3314 antecessoribus
923 3235 996 3311 suis
1017 3251 1141 3312 contra
1158 3235 1292 3310 diuum
1308 3235 1475 3312 comitem
1492 3236 1549 3312 vel
1564 3253 1803 3314 antecessores
1819 3265 1902 3314 suos
1918 3239 2053 3315 moveri

543 3386 709 3472 poterant
725 3371 782 3447 vel
792 3385 962 3471 poterunt
978 3394 1087 3469 supra
1105 3368 1275 3470 predictis
1302 3411 1311 3429 ·
1336 3368 1579 3445 ordinavimus
1598 3371 1707 3447 etiam
1730 3371 1828 3471 quod
1844 3371 1983 3449 licitum
2004 3375 2051 3449 sit

542 3502 635 3579 dica
665 3503 785 3579 comiti
816 3516 853 3578 et
882 3500 1143 3577 successoribus
1173 3499 1246 3575 suis
1273 3500 1421 3575 domum
1449 3500 1607 3577 virorum
1635 3501 1883 3605 religiosorum
1914 3504 2049 3580 ordinis

543 3636 664 3713 Sancti
681 3636 877 3738 Augustini
892 3636 931 3710 in
947 3632 1065 3711 insula
1076 3634 1122 3709 dc
1134 3632 1471 3735 Inohmaqubomok
1484 3651 1689 3711 construere
1700 3636 1778 3712 sins
1790 3636 2048 3739 impedimento

538 3768 595 3847 vel
618 3771 893 3847 contradidione
918 3770 1002 3846 dicti
1029 3768 1198 3871 Episcopi
1222 3767 1279 3845 rel
1304 3794 1549 3845 successorum
1573 3795 1721 3846 suorum
1745 3813 1753 3831 ·
1772 3772 2048 3873 designavimus

537 3904 645 3981 etiam
662 3930 705 3979 ex
724 3902 909 3981 collatione
925 3902 1012 3979 dicti
1029 3901 1168 3979 comitis
1185 3916 1222 3979 et
1239 3902 1285 3977 de
1300 3901 1484 3978 voluntate
1500 3916 1538 3979 et
1554 3928 1700 3979 assensu
1717 3902 1801 3979 disti
1818 3904 1989 4006 Episcopi
2004 3908 2042 3982 in

535 4062 664 4134 puram
680 4050 717 4113 et
733 4052 944 4136 perpetuam
961 4034 1182 4113 elimosinam
1199 4034 1267 4110 illis
1283 4034 1367 4111 viris
1383 4034 1556 4135 religiosis
1572 4035 1611 4111 in
1627 4035 1722 4111 dicta
1736 4035 1853 4112 insula
1867 4036 1953 4113 Deo
1964 4066 2040 4113 ser-

534 4170 709 4245 vientibus
728 4168 905 4245 Ecclesiae
922 4168 967 4243 de
984 4166 1115 4269 Lanyn
1126 4182 1162 4243 et
1179 4166 1224 4242 de
1241 4166 1340 4243 dicta.
1349 4166 1467 4243 insula
1482 4194 1565 4243 cum
1584 4167 1751 4243 omnibus
1766 4167 2042 4245 libertatibuset

533 4299 748 4377 aisiamentis
771 4300 820 4376 ad
844 4299 955 4375 dictas
981 4298 1159 4375 Ecclesiae
1192 4299 1455 4401 pertinentibus
1472 4332 1484 4387 ι
1503 4298 1609 4375 salvis
1637 4299 1911 4401 Episcopalibus
1940 4302 2039 4378 dioto

534 4430 715 4532 Episcopo
739 4446 776 4507 et
800 4430 1061 4507 successoribus
1084 4431 1160 4507 suis
1183 4429 1261 4507 ·Et
1286 4432 1553 4509 sciendumeet
1578 4432 1675 4532 quod
1699 4458 1773 4508 non
1797 4432 1919 4511 licebit
1944 4436 2042 4512 dioto

533 4562 712 4665 Episcopo
728 4561 784 4638 vel
800 4564 1062 4641 successoribus
1079 4563 1153 4639 suis
1169 4564 1207 4637 in
1223 4538 1326 4639 dialis
1341 4562 1481 4638 duabus
1497 4562 1667 4641 Ecclesiis
1682 4580 1874 4667 perpetuos
1889 4570 2037 4648 vicarios

530 4695 645 4771 lacere
665 4695 730 4771 sed
751 4694 892 4771 honesti
905 4692 1077 4797 capellani
1093 4693 1276 4797 Episcopo
1292 4708 1545 4794 presentantur
1560 4696 1623 4796 qni
1637 4696 1708 4799 ipsi
1729 4698 1776 4775 de
1790 4724 1880 4775 eura
1897 4702 2036 4783 auima-

527 4863 609 4913 rum
626 4851 662 4913 et
679 4838 725 4913 de
741 4837 983 4941 spiritualibus
999 4852 1035 4914 et
1052 4836 1324 4939 Episcopalibus
1339 4837 1578 4937 respondeant
1596 4838 1874 4919 00rdinarimus
1890 4846 2035 4948 iusuper

526 4988 568 5047 ut
581 4971 694 5048 dictus
706 4996 825 5048 cemes
841 4995 907 5071 pro
924 4996 963 5045 se
979 4984 1016 5046 et
1026 4968 1285 5045 suecessoribus
1297 4970 1371 5045 suis
1383 4969 1555 5045 concedat
1567 4984 1604 5046 et
1614 4972 1770 5073 assignet
1782 4974 1975 5052 Ecclesiam
1987 4979 2033 5055 ds
