5734 6700
742 909 793 974 liv·
1394 907 1665 978 APPENDIX.

753 1129 831 1227 ojus
848 1124 953 1218 silius,
970 1125 1032 1226 qui
1048 1125 1185 1227 gavisus
1200 1127 1251 1202 est
1268 1123 1496 1200 comitatibus
1514 1123 1697 1200 Orchadis
1713 1139 1751 1200 et
1768 1123 1928 1201 Gathnee
1944 1126 1983 1202 in
2001 1123 2129 1201 Scocia
2153 1165 2164 1186 ·
2191 1125 2270 1212 Qui

753 1255 900 1357 quidem
925 1256 1111 1334 Gilbertus
1135 1255 1310 1334 secundus
1326 1255 1525 1357 procreavit
1540 1255 1723 1357 Magnum
1737 1257 1887 1332 tertium
1901 1271 1939 1332 et
1955 1256 2137 1356 quandam
2159 1254 2268 1330 liliam

754 1386 946 1464 Matildam
963 1387 1131 1464 nomine·
1151 1387 1221 1464 Iste
1238 1387 1369 1464 Comes
1386 1385 1547 1488 Magnus
1561 1386 1656 1462 filius
1674 1386 1832 1468 Gilborti
1847 1387 1993 1464 secundi
2007 1387 2135 1489 genuit
2147 1387 2268 1464 Comi·

754 1533 828 1594 tem
858 1518 1037 1620 Magnum
1067 1533 1235 1620 quartum
1268 1531 1307 1594 et
1336 1519 1515 1618 quendam
1541 1517 1768 1609 Johmnem3
1795 1534 1833 1595 et
1861 1518 1920 1594 illa
1945 1517 2108 1620 Magum
2138 1517 2268 1596 Comes

754 1663 901 1750 quartus
923 1649 1053 1726 abhuc
1077 1648 1157 1727 luce
1181 1648 1268 1726 abiit
1293 1650 1364 1726 fine
1388 1646 1513 1748 prole;
1541 1649 1602 1725 cui
1616 1649 1772 1726 successit
1793 1649 1976 1726 Johauuee
1999 1651 2079 1753 ejus
2103 1648 2268 1726 staterio

754 1781 942 1858 untedidlis
955 1781 1181 1858 comitatibus
1199 1781 1378 1858 Orchadie
1394 1797 1431 1858 et
1450 1782 1610 1858 Cathnes
1627 1822 1637 1842 ·
1654 1783 1840 1860 Johannes
1861 1783 1925 1858 iste
1948 1783 2074 1884 genuit
2089 1782 2270 1882 quendam

754 1913 934 2016 &lagoum
961 1913 1141 1992 Comitem
1167 1917 1332 2014 quintum
1359 1953 1369 1974 ·
1397 1912 1470 1989 cui
1494 1915 1633 2013 &lagno
1655 1914 1783 2014 quinto
1800 1917 1884 2016 jura
1908 1915 2126 1992 successionis
2154 1913 2269 1990 linea-

754 2044 836 2122 liter
858 2047 1012 2124 succoffit
1038 2046 1205 2122 dominus
1231 2044 1389 2130 melisius
1415 2069 1537 2122 comes
1558 2046 1605 2122 de
1635 2045 1847 2124 Stratherne
1874 2047 1913 2124 iu
1943 2046 2072 2124 Soocia
2096 2060 2269 2147 tanquam

755 2177 858 2254 heres
874 2177 1071 2278 legittimus
1083 2180 1165 2278 jure
1181 2177 1395 2254 hereditario
1412 2179 1460 2253 ad
1475 2181 1639 2278 utrosque
1656 2179 1847 2254 comitatus
1863 2177 2045 2258 Orchadie
2059 2195 2098 2254 et
2110 2177 2270 2254 Gathnes

756 2311 844 2386 sicut
869 2309 1049 2388 clarissime
1074 2310 1298 2407 manifestant
1322 2311 1546 2388 munimenta
1560 2310 1747 2388 euidencic
1769 2326 1807 2388 et
1828 2325 1926 2388 carte
1941 2326 2174 2410 utrorumque
2190 2335 2269 2409 reg·

756 2467 885 2520 norum
904 2443 1031 2520 Scocie
1049 2457 1087 2519 et
1106 2439 1299 2544 Norvvegic
1326 2443 1610 2519 confirmacionis
1636 2443 1785 2544 desuper
1809 2443 1969 2520 conserte
1992 2483 2003 2504 ·
2030 2442 2108 2532 Qui
2123 2441 2270 2540 quidem

758 2573 888 2650 Comes
913 2574 1074 2652 Marinus
1102 2600 1225 2652 revera
1253 2575 1368 2674 primo
1398 2575 1617 2674 desponsavit
1641 2573 1753 2650 filiam
1778 2574 1931 2652 Comitis
1958 2577 2007 2652 de
2032 2573 2203 2650 Menteth
2231 2573 2270 2646 in

759 2704 885 2782 Scocia
901 2721 998 2784 etex
1016 2733 1060 2785 es
1075 2706 1200 2809 genuit
1226 2704 1335 2782 filiam
1361 2706 1553 2784 Matildem
1571 2707 1736 2798 uomiuo;
1766 2708 1845 2808 post
1859 2708 1965 2807 cujus
1987 2705 2132 2806 quidem
2156 2705 2272 2807 prime

757 2835 880 2914 uxoris
905 2839 1043 2914 obitum
1069 2839 1290 2940 desponsavit
1309 2836 1418 2912 filiam
1444 2839 1624 2938 quondam
1649 2839 1831 2939 quondam
1852 2838 2022 2940 Hugonis
2045 2837 2199 2914 Comitis
2224 2837 2271 2912 de

759 2971 850 3048 Rois
870 2989 907 3050 et
927 2999 974 3050 ex
994 2998 1037 3050 ea
1052 2972 1251 3073 procreavit
1267 2985 1420 3071 quotuor
1436 2971 1527 3048 filias
1543 2985 1580 3048 et
1596 2972 1739 3048 decessit
1753 2973 1827 3048 fine
1843 2969 2026 3047 masculis:
2055 2971 2172 3068 licque
2193 2969 2270 3068 ejus

758 3105 915 3182 dominia
931 3120 1025 3182 terre
1050 3120 1087 3182 et
1111 3103 1330 3206 possessiones
1346 3102 1494 3180 suerunt
1509 3103 1618 3178 divise
1634 3105 1728 3180 inter
1744 3103 1822 3181 illas
1839 3145 1849 3164 ·
1865 3101 1997 3178 Filiam
2011 3128 2096 3178 vero
2113 3100 2271 3200 antiqui·

758 3261 856 3313 orem
873 3263 918 3312 ex
935 3237 1050 3338 prima
1065 3261 1176 3312 uxore
1192 3249 1411 3338 procreatam
1429 3233 1768 3313 Matildamscilicct
1784 3235 1888 3312 duxit
1904 3236 1942 3310 in
1957 3231 2270 3310 uxorsm‘Wclan·

758 3370 826 3445 dus
844 3369 889 3445 de
905 3369 998 3462 Ard,
1016 3369 1076 3470 qui
1094 3396 1139 3445 ex
1155 3394 1199 3445 ea
1214 3368 1412 3471 procreavit
1428 3368 1614 3469 quendam
1624 3369 1737 3445 filium
1753 3367 2001 3447 Alexandrum
2017 3369 2064 3444 de
2080 3368 2184 3458 Ard;
2210 3368 2274 3467 qui

759 3503 966 3579 Alexander
986 3504 1070 3604 jure
1093 3504 1196 3605 regni
1221 3500 1345 3579 Scooie
1370 3516 1407 3579 et
1433 3502 1687 3579 consuetudine
1718 3501 1934 3577 hereditarie
1955 3500 2109 3577 successit
2136 3500 2271 3577 Comici

760 3635 900 3713 Malilio
926 3635 970 3712 dc
996 3635 1187 3712 Strathern
1214 3635 1250 3711 in
1274 3634 1462 3737 principali
1484 3634 1645 3712 manerio
1668 3637 1738 3711 live
1762 3636 1884 3711 manso
1907 3634 2045 3710 ratione
2066 3633 2127 3709 sus
2148 3633 2273 3709 matris

761 3770 962 3847 Comitatus
978 3769 1024 3845 de
1043 3768 1219 3845 Gathanio
1241 3782 1278 3845 ct
1294 3767 1487 3867 possidebat
1505 3770 1589 3871 jure
1607 3784 1646 3844 et
1667 3767 1909 3869 appellacione
1926 3767 2078 3844 Comitis
2094 3780 2132 3842 et
2146 3766 2273 3841 eadem

760 3904 898 3981 ratione
920 3917 958 3979 et
980 3902 1108 3979 eodem
1124 3902 1208 4003 jure
1233 3900 1372 4003 gavisus
1395 3902 1446 3977 est
1468 3913 1567 3978 certa
1589 3902 1764 4004 portimta
1782 3904 1853 3977 srve
1876 3900 2075 4000 quantitate
2096 3904 2272 3976 mnarum

762 4036 941 4115 Orcbadie
953 4052 990 4113 et
1002 4037 1148 4137 gerebat
1159 4036 1194 4113 se
1206 4062 1271 4137 pro
1287 4034 1415 4111 ballivo
1428 4048 1465 4111 et
1478 4034 1663 4136 capitaneo
1677 4033 1797 4135 gentio
1810 4032 1975 4125 Orcodie,
1989 4030 2182 4133 Norvvegie
2194 4030 2272 4105 Ro-

760 4173 815 4274 gis
832 4198 877 4247 ex
894 4185 1021 4274 parte:
1046 4170 1213 4271 idemque
1229 4168 1440 4245 Alexander
1456 4167 1502 4243 de
1520 4167 1603 4242 Ard
1621 4181 1782 4267 tempore
1797 4166 1860 4241 suo
1875 4164 2036 4240 vendidit
2052 4178 2090 4241 et
2105 4163 2271 4239 alienavit

761 4306 942 4408 quondam
974 4302 1160 4381 recolende
1188 4303 1356 4379 memorie
1390 4300 1537 4377 domino
1563 4300 1723 4375 Roberto
1751 4297 1907 4375 Stevvart
1937 4298 2055 4401 primo
2082 4296 2269 4373 Scotorum

762 4440 855 4541 Regi
876 4439 1009 4515 deum
1026 4437 1251 4515 Comitatum
1272 4436 1318 4513 de
1344 4432 1686 4512 Outhnesmansum
1707 4434 1777 4508 sive
1798 4428 2212 4535 manerium'principale
2234 4442 2271 4505 et

711 4660 724 4689 ο
762 4574 882 4649 omnia
901 4572 969 4649 alia
989 4574 1073 4671 jura
1092 4570 1283 4674 spectantis
1304 4570 1364 4647 seu
1387 4566 1638 4646 concernentia
1656 4564 1704 4641 ad
1722 4564 1758 4645 sc
1781 4564 1921 4641 ratione
1942 4564 2066 4640 matris
2090 4565 2167 4665 ejus
2189 4578 2272 4638 tan·

762 4732 868 4807 quam
885 4705 931 4781 od
947 4704 1184 4803 antiquiorem
1201 4705 1353 4779 sororem
1366 4704 1449 4802 jure
1464 4716 1503 4778 et
1519 4698 1775 4777 consuetuedine
1789 4698 1893 4799 regni
1907 4697 2041 4791 Scocie,
2059 4722 2142 4773 cum
2158 4697 2272 4773 deno-

761 4837 961 4915 minacione
989 4837 1180 4913 comitatus
1200 4837 1268 4911 five
1295 4836 1449 4911 Comitis
1475 4874 1487 4897 ·
1517 4835 1588 4911 Ille
1613 4859 1698 4909 vero
1723 4831 1933 4908 Alexander
1953 4830 2108 4906 finaliter
2132 4830 2274 4906 deceffit

762 4976 832 5049 fine
857 4970 989 5047 herede
1013 4971 1059 5047 de
1081 4970 1142 5049 suo
1167 4995 1313 5073 corpore
1337 4994 1552 5071 quocunque
1568 4966 1744 5069 legittimo
1765 4979 1979 5073 procreato·
2006 4962 2160 5039 NUNC
2184 4987 2274 5044 vero
