5734 6700
1668 1222 1794 1284 132
2591 1226 2978 1292 CARTAE
3033 1228 3738 1298 RECENTIORES

2336 2249 2391 2311 E
2448 2249 2963 2315 REGISTRO
3020 2249 3148 2313 DE
3207 2251 4011 2318 INNERPEFFERY.

1653 2756 1847 2820 Carta
1875 2757 1919 2820 J
1924 2755 2145 2840 oannis
2177 2758 2485 2824 Loutfute
2514 2780 2707 2845 super
2735 2760 3159 2825 Balmaclone.

1526 2991 1612 3054 39
1647 3042 1662 3057 .
1696 3043 1712 3057 .
1738 3042 1754 3058 .
1779 2997 2064 3062 Jacobus
2096 2997 2507 3084 permissione
2529 2999 2745 3065 divina
2760 3001 3334 3066 commendatarius
3353 3011 3702 3087 perpetuus
3721 3000 4087 3065 monasterii
4107 3000 4186 3063 de
4208 2999 4680 3084 Inchecheffray

1647 3124 1715 3178 et
1743 3114 2027 3201 ejusdem
2057 3116 2183 3182 loci
2213 3129 2563 3184 conventus
2599 3167 2616 3183 .
2654 3166 2670 3183 .
2707 3167 2724 3183 .
2765 3119 2996 3185 Sciatis
3026 3141 3142 3184 nos
3174 3120 3487 3207 quandam
3518 3131 3758 3184 cartam
3802 3166 3818 3183 .
3860 3166 3875 3182 .
3916 3166 3931 3181 .
3977 3118 4211 3184 factam
4255 3141 4369 3205 per
4403 3118 4681 3184 Alexan·

1647 3234 1831 3298 drum
1863 3235 2170 3300 Loutfute
2213 3283 2230 3300 .
2277 3283 2293 3300 .
2341 3284 2356 3300 .
2402 3238 2448 3303 J
2452 3238 2687 3303 ohanni
2733 3227 3041 3303 Loutfute
3086 3238 3327 3325 juniori
3370 3261 3487 3303 suo
3531 3238 3663 3303 filio
3709 3250 3776 3304 et
3824 3238 4162 3304 heredibus
4206 3238 4338 3303 suis
4391 3288 4406 3303 .
4460 3286 4475 3302 .
4528 3285 4546 3302 .
4601 3239 4682 3304 ad

1649 3354 1906 3438 plenum
1949 3355 2344 3423 intellexisse
2389 3359 2508 3424 sub
2548 3358 2668 3424 hac
2712 3359 2917 3424 forma
2959 3406 2975 3422 .
3021 3406 3038 3423 .
3087 3409 3102 3424 .
3141 3359 3504 3424 Alexander
3547 3358 3854 3424 Loutfute
3888 3405 3904 3421 .
3945 3405 3961 3422 .
3997 3405 4013 3421 .
4056 3357 4376 3423 Noveritis
4419 3380 4520 3422 me
4555 3406 4572 3422 .
4608 3405 4625 3421 .
4660 3405 4678 3420 .

1646 3473 2003 3540 vendidisse
2040 3522 2056 3538 .
2101 3525 2115 3540 .
2160 3525 2175 3540 .
2218 3499 2360 3541 meo
2389 3477 2520 3542 filio
2542 3477 2785 3564 juniori
2811 3479 2857 3544 J
2860 3476 3096 3543 ohanni
3126 3478 3435 3543 Loutfute
3473 3525 3490 3541 .
3530 3524 3546 3541 .
3587 3525 3602 3540 .
3643 3499 3817 3542 meas
3845 3477 4005 3541 duas
4033 3487 4344 3542 marcatas
4374 3489 4683 3543 terrarum

1646 3596 1725 3658 de
1757 3595 2165 3661 Balmaclone
2195 3619 2342 3662 cum
2371 3597 2773 3683 pertinentiis
2801 3646 2817 3662 .
2851 3646 2867 3662 .
2903 3647 2918 3663 .
2945 3600 3235 3685 jacentes
3266 3599 3330 3663 in
3353 3598 3618 3664 baronia
3644 3597 3725 3663 de
3758 3597 4089 3663 Maderdie
4119 3645 4134 3660 .
4177 3645 4193 3662 .
4235 3645 4252 3662 .
4295 3621 4410 3685 pro
4440 3621 4686 3664 summa

1646 3715 2064 3779 ducentarum
2113 3737 2464 3782 marcarum
2511 3765 2527 3781 .
2574 3765 2590 3781 .
2637 3765 2654 3781 .
2703 3718 3056 3783 Reddendo
3102 3718 3248 3783 inde
3293 3717 3620 3783 annuatim
3666 3765 3682 3781 .
3727 3765 3744 3781 .
3791 3764 3807 3780 .
3853 3716 4008 3782 mihi
4048 3728 4117 3783 et
4148 3719 4489 3785 heredibus
4527 3720 4685 3786 meis

1650 3856 1847 3897 unum
1877 3833 2205 3899 denarium
2238 3886 2253 3900 .
2295 3883 2311 3899 .
2353 3883 2369 3899 .
2411 3857 2659 3901 necnon
2688 3837 2905 3903 abbati
2934 3859 3050 3902 seu
3080 3835 3613 3901 commendatario
3643 3846 3710 3901 et
3739 3835 4079 3902 conventui
4108 3837 4187 3902 de
4210 3838 4686 3926 Inchecheffray

1704 4002 1719 4015 .
1762 4000 1778 4017 .
1824 3976 2132 4018 summam
2165 3954 2428 4041 triginta
2455 3954 2649 4020 trium
2679 3955 3026 4021 solidorum
3057 3965 3124 4021 et
3156 3965 3430 4043 quatuor
3458 3954 3857 4020 denariorum
3888 3966 4140 4021 monete
4174 3956 4387 4023 Scotie
4417 3959 4496 4022 ad
4525 3959 4686 4024 duos

1650 4073 1800 4138 anni
1832 4073 2137 4139 terminos
2169 4086 2511 4139 consuetos
2549 4122 2565 4139 .
2610 4121 2626 4138 .
2665 4122 2681 4138 .
2733 4096 2808 4140 ac
2837 4074 3030 4141 etiam
3060 4075 3221 4139 duos
3252 4095 3525 4160 capones
3555 4084 3622 4139 et
3651 4074 3810 4139 duas
3841 4074 4132 4160 pulturas
4162 4086 4229 4140 et
4258 4097 4373 4161 pro
4404 4077 4686 4164 qualibet

1648 4203 1933 4260 marcata
1970 4193 2283 4260 dictarum
2307 4193 2637 4258 'terrarum
2679 4193 3040 4281 quindecim
3078 4192 3161 4258 lie
3201 4203 3334 4259 met
3373 4192 3558 4259 crelis
3598 4201 3890 4279 patarum
3923 4215 4119 4258 unum
4151 4216 4312 4259 onus
4341 4195 4687 4280 vulgariter

1650 4339 1770 4380 ane
1799 4317 1976 4380 horse
2007 4315 2144 4380 loed
2173 4311 2447 4379 cementi
2470 4312 2602 4378 sive
2625 4311 2817 4378 calcis
2847 4334 3047 4377 unum
3070 4310 3272 4376 simile
3296 4333 3457 4376 onus
3479 4311 3839 4396 tegularum
3864 4313 3945 4376 ad
3968 4312 4210 4378 dictum
4232 4313 4686 4377 monasterium

1649 4437 1728 4500 de
1773 4432 2249 4520 Inchecheffray
2308 4480 2324 4496 .
2371 4478 2387 4495 .
2436 4481 2451 4496 .
2514 4452 2660 4496 cum
2711 4429 3258 4495 administratione
3315 4429 3506 4495 unius
3558 4428 3711 4517 equi
3764 4452 3910 4494 cum
3963 4431 4181 4495 trahea
4231 4431 4314 4495 ad
4363 4441 4687 4496 vecturam

1650 4554 2034 4620 decimarum
2076 4550 2430 4638 gai-balium
2466 4550 2549 4615 ad
2589 4549 2887 4614 horreum
2933 4598 2948 4613 .
2998 4598 3013 4614 .
3059 4596 3076 4612 .
3124 4548 3421 4613 horreum
3456 4560 3524 4614 et
3557 4547 3989 4614 molendinum
4026 4550 4105 4613 ad
4143 4549 4401 4613 modum
4432 4549 4688 4616 solitum

1648 4675 2003 4762 reparando
2051 4681 2118 4737 et
2165 4669 2583 4737 sustentando
2642 4678 2971 4755 terrasque
3031 4667 3441 4733 dominicales
3497 4667 3848 4755 vulgariter
3906 4669 3984 4733 lie
4041 4672 4251 4733 maim
4307 4667 4373 4732 in
4431 4668 4691 4733 modum

1650 4794 1907 4860 solitum
1939 4814 2054 4878 pro
2090 4801 2231 4855 rata
2269 4800 2579 4855 terrarum
2609 4787 2876 4853 colendo
2906 4797 2974 4853 et
3002 4786 3344 4852 laborando
3380 4786 3618 4853 vectori
3648 4797 3714 4851 et
3744 4786 4042 4852 officiario
4072 4787 4266 4873 vulgo
4295 4800 4535 4853 caterer
4555 4791 4691 4851 and

1650 4918 1887 5001 officiao-
1908 4934 2090 4977 corne
2106 4918 2439 4995 argentum
2462 4918 2529 4975 et
2545 4906 2851 4974 stramina
2876 4905 3065 4973 solita
3086 4916 3153 4971 et
3179 4916 3486 4972 consueta
3502 4927 3748 4971 necnon
3775 4908 3854 4972 lie
3877 4907 3993 4975 kin
4008 4920 4146 4974 atra
4163 4906 4244 4970 ad
4267 4905 4688 4993 quantitatem

1652 5039 1903 5104 solitam
1961 5035 2376 5103 ministrando
2427 5033 2709 5100 brasium
2761 5033 3109 5120 vulgariter
3159 5034 3321 5098 malt
3373 5031 3454 5098 ad
3511 5031 3941 5098 molendinum
3994 5033 4059 5098 in
4120 5034 4377 5098 modum
4431 5035 4689 5100 solitum

1651 5158 1967 5245 portando
2019 5205 2034 5221 .
2084 5202 2099 5218 .
2147 5202 2163 5218 .
2225 5154 2527 5221 solvendo
2572 5152 2764 5217 etiam
2810 5174 2928 5238 pro
2973 5150 3159 5217 dictis
3205 5150 3391 5216 terris
3435 5162 3579 5217 octo
3625 5172 3855 5237 peccas
3896 5173 4242 5218 auenarum
4281 5168 4557 5242 quatuor
4605 5155 4688 5221 lie

1649 5280 1908 5345 thravas
1968 5274 2343 5342 straminum
2402 5273 2483 5338 ad
2543 5269 3070 5338 sustentationem
3130 5282 3198 5336 et
3255 5270 3560 5356 pabulum
3610 5271 4046 5356 jumentorum
4105 5271 4259 5337 dicti
4319 5273 4445 5337 loci
4510 5320 4526 5336 .
4588 5321 4605 5338 .
4670 5322 4688 5340 .
