5734 6700
1067 765 1145 840 DE
1177 761 1585 844 INOHAFFERY.
2028 771 2076 852 27

568 997 661 1072 bone
683 995 853 1072 memorie
877 997 1028 1071 Roberti
1050 995 1162 1097 petris
1186 997 1293 1072 nostri
1317 998 1489 1074 comitum
1514 997 1560 1073 de
1585 998 1801 1102 Stratheryn
1826 1001 2007 1078 canonicis
2032 1003 2078 1078 de

569 1129 693 1204 Insula
717 1130 902 1216 miffamm
927 1129 974 1204 ad
998 1129 1207 1207 solutionem
1238 1130 1458 1206 deeimarum
1483 1131 1644 1208 omnium
1669 1133 1877 1210 reddituum
1903 1150 1942 1212 et
1968 1163 2078 1212 cano-

565 1289 647 1336 rum
676 1265 875 1338 nostrorum
904 1264 942 1338 in
972 1267 1154 1340 frumento
1184 1265 1298 1340 farina
1323 1266 1436 1340 brafio
1464 1292 1577 1366 grano
1603 1267 1711 1342 caseis
1738 1268 1905 1343 carnibus
1934 1269 2077 1370 piffibus

567 1395 692 1470 auibus
721 1395 970 1471 venationibus
1004 1409 1040 1470 et
1074 1397 1239 1471 omnibus
1273 1397 1412 1473 cibariis
1441 1425 1509 1497 que
1542 1397 1579 1471 in
1609 1398 1707 1473 curia
1739 1401 1857 1475 nostra
1889 1401 2075 1475 aunuatim

566 1531 821 1632 expenduntur
849 1533 936 1604 ficut
966 1531 1003 1604 in
1033 1545 1132 1605 carta
1162 1544 1198 1606 et
1227 1532 1497 1607 confirmatione
1529 1532 1767 1631 predictorum
1796 1534 1967 1608 comitum
1995 1561 2074 1635 pre·

566 1665 781 1740 decefl‘orum
810 1666 1010 1739 nostrornm
1040 1665 1220 1740 canonicis
1252 1665 1336 1740 inde
1370 1665 1537 1740 confectis
1570 1664 1710 1763 planius
1740 1666 1944 1742 continetur
1978 1707 1988 1728 ·
2023 1667 2075 1742 Et

565 1795 729 1898 quamuis
745 1796 840 1872 idem
857 1795 1016 1872 canonici
1034 1797 1071 1870 in
1089 1796 1197 1895 plena
1213 1812 1249 1873 et
1265 1798 1413 1898 pacifica
1428 1798 1666 1898 predictarum
1678 1797 1896 1872 decimarum
1913 1798 2073 1873 omnium

565 1926 767 2030 permulta
790 1941 954 2030 tempore
975 1929 1109 2002 fireriut
1134 1929 1335 2028 pollessione
1360 1929 1464 2004 nobis
1488 1943 1608 2004 mmen
1627 1930 1721 2028 quod
1744 1929 1862 2003 minus
1886 1928 1992 2030 plene
2014 1956 2073 2004 eas

564 2087 629 2162 per
639 2059 814 2136 defedum
822 2061 1033 2136 balliuorum
1043 2063 1240 2137 nostrorum
1250 2061 1441 2162 aliquando
1449 2076 1662 2163 receperunt
1671 2088 1779 2161 quam
1790 2063 1911 2163 oepius
1922 2087 2071 2163 grauem

565 2195 803 2295 deposuerunt
816 2194 994 2294 querelam
1009 2196 1103 2271 vnde
1117 2196 1200 2296 quia
1211 2196 1271 2296 pia
1282 2210 1365 2270 vota
1377 2210 1565 2296 parentum
1580 2196 1779 2271 nostrorum
1792 2195 1894 2268 nobis
1907 2222 1978 2271 non
1991 2194 2074 2270 licet

565 2327 684 2426 aliquo
704 2328 811 2402 modo
832 2327 1025 2428 infringere
1042 2328 1101 2404 sed
1117 2328 1238 2430 potius
1256 2354 1297 2402 eo
1314 2328 1439 2402 diuina
1453 2343 1637 2403 annuente
1653 2327 1874 2428 dispolitione
1890 2326 1983 2402 illius
2000 2355 2073 2404 non

564 2455 791 2532 immemores
820 2459 882 2558 qui
912 2459 1073 2535 omnium
1101 2461 1276 2534 bonorum
1305 2458 1386 2559 pius
1417 2459 1468 2533 est
1495 2459 1687 2533 retributor
1715 2471 1923 2534 aumentare
1949 2474 1987 2534 et
2012 2461 2073 2560 pio

565 2591 735 2667 deiiderio
759 2591 884 2667 eadem
905 2593 1114 2667 confirmare
1142 2635 1150 2652 ·
1175 2592 1261 2666 hinc
1282 2592 1332 2666 est
1352 2591 1451 2691 quod
1466 2591 1633 2688 predidtis
1650 2591 1829 2667 canonicis
1845 2618 1911 2690 pro
1927 2592 2074 2668 decimis

563 2724 720 2825 superius
743 2725 934 2799 nominatis
958 2750 1046 2824 quas
1069 2723 1210 2824 lingulis
1233 2723 1336 2798 annis
1357 2737 1442 2798 ante
1461 2749 1597 2798 annum
1618 2722 1754 2798 domini
1774 2722 1991 2806 millefimum
2008 2735 2073 2800 oc'

565 2857 625 2932 ulm
640 2857 687 2956 vij
711 2897 720 2918 ·
745 2859 782 2932 in
799 2856 897 2933 ouria
913 2858 1030 2931 nostra
1041 2859 1135 2958 justo
1153 2856 1411 2932 consueuerunt
1428 2855 1612 2956 percipere
1627 2855 1753 2956 viginti
1770 2869 1921 2954 quatuor
1937 2883 2072 2932 marcas

563 2992 748 3066 annuatim
765 2989 1011 3092 percipiendas
1027 2989 1190 3065 videlicet
1206 2989 1332 3090 viginti
1349 3013 1487 3062 marcas
1502 2988 1548 3062 de
1564 2989 1669 3061 firme
1690 2988 1810 3063 nostra
1829 2990 1926 3090 apud
1941 2989 2072 3066 Dunin

564 3141 601 3202 et
617 3139 770 3226 quatuor
790 3147 929 3198 marcos
945 3123 993 3197 de
1009 3120 1214 3196 Abruthfen
1236 3123 1275 3198 in
1292 3123 1366 3196 vita
1382 3121 1550 3196 comitiffe
1565 3119 1687 3202 matris
1704 3121 1822 3196 nostre
1838 3147 1927 3220 quas
1944 3122 2072 3200 eisdem

563 3260 640 3360 post
660 3258 834 3334 decetl'nm
854 3256 1012 3358 ejusdem
1036 3280 1102 3329 nos
1121 3253 1178 3328 vel
1199 3255 1348 3329 heredes
1371 3253 1480 3327 nostri
1500 3252 1538 3327 in
1558 3251 1627 3327 alio
1650 3267 1747 3328 certo
1766 3252 1845 3328 loco
1866 3268 1904 3328 et
1926 3281 2071 3355 compe-

562 3392 655 3467 tenti
671 3389 845 3465 soluemus
865 3388 1095 3463 medietatem
1117 3388 1164 3461 ad
1183 3386 1410 3488 pentecosten
1434 3398 1471 3459 et
1493 3383 1599 3460 aliam
1621 3384 1849 3460 medietatem
1873 3386 1922 3460 ad
1944 3386 2072 3463 festum

562 3522 657 3600 beati
682 3522 834 3606 martini
859 3521 897 3593 in
921 3545 1024 3621 yeme
1055 3519 1235 3619 quousque
1260 3518 1364 3592 nobis
1390 3515 1449 3592 vel
1477 3517 1668 3593 heredibus
1696 3518 1822 3593 nostris
1847 3544 2070 3618 quocumque

557 3660 641 3756 jure
668 3654 829 3731 uberiora
856 3652 952 3728 bona
980 3652 1199 3727 acoreuerint
1228 3652 1440 3750 allignamus
1469 3650 1595 3724 ceteris
1621 3648 1779 3724 articulis
1805 3651 1970 3725 omnibus
1994 3666 2068 3727 tam

561 3789 600 3863 in
626 3785 731 3862 cartis
758 3784 911 3861 Gilberti
939 3784 997 3858 aui
1024 3784 1131 3858 nostri
1158 3807 1265 3881 quam
1291 3780 1330 3853 iu
1355 3779 1624 3855 confimatione
1650 3779 1800 3855 Roberti
1824 3783 1936 3882 patris
1959 3782 2070 3857 nostri

562 3918 740 3995 contentis
774 3917 812 3991 in
846 3918 908 3991 suo
940 3916 1064 3991 robore
1098 3915 1277 3989 duraturis
1310 3912 1470 3988 volentes
1503 3912 1632 3987 eisdem
1665 3912 1842 3988 canonicis
1875 3914 2068 3991 secundum

561 4052 735 4126 bonorum
753 4050 951 4123 nostrorum
972 4046 1157 4121 annuatim
1179 4045 1396 4121 decimarum
1417 4047 1559 4119 suarum
1581 4044 1705 4144 augeri
1728 4044 1926 4145 portionem
1951 4044 2001 4119 Et
2021 4071 2067 4119 ne

561 4182 736 4281 predictos
756 4178 943 4255 canonicos
960 4204 1024 4276 per
1040 4176 1215 4251 defedtum
1233 4175 1315 4251 didi
1331 4148 1494 4251 redditus
1510 4148 1578 4249 suis
1594 4174 1755 4250 terminis
1771 4202 1845 4250 non
1860 4174 1961 4252 soluti
1978 4201 2065 4250 oon-

561 4314 700 4414 tingere
723 4313 825 4414 possit
847 4310 1051 4409 inposterim
1077 4334 1301 4409 quacumque
1323 4306 1503 4382 caliditate
1526 4307 1667 4407 grauari
1689 4332 1756 4381 nos
1774 4322 1812 4383 et
1831 4308 1928 4383 bona
1946 4308 2064 4384 nostra

561 4444 722 4519 uniuersa
741 4440 974 4541 jurisdictioni
998 4440 1163 4540 Episcopi
1185 4436 1448 4511 Dunblanenlls
1473 4436 1535 4534 qui
1558 4460 1623 4536 pro
1648 4451 1808 4537 tempore
1833 4436 1941 4512 fuerit
1966 4440 2064 4513 subi-

561 4578 674 4652 cimus
698 4588 738 4649 vt
756 4600 822 4648 nos
843 4586 879 4647 et
897 4571 1046 4645 balliuos
1071 4571 1206 4645 nostros
1228 4570 1274 4643 ad
1295 4566 1500 4643 solutionem
1523 4566 1678 4665 preditis
1699 4567 1850 4669 pecunie
1869 4569 1956 4644 ficut
1975 4596 2062 4670 pre.
2126 4600 2132 4616 ·

560 4706 692 4783 ditium
719 4706 769 4781 est
795 4728 1018 4807 quacumque
1044 4700 1184 4777 sensura
1209 4698 1432 4775 eccleliastica
1457 4696 1656 4772 decreuerit
1681 4700 1876 4776 monitione
1900 4702 2061 4801 premifl'a

559 4842 661 4945 polilt
676 4836 888 4939 compellere
915 4878 922 4897 ·
950 4836 996 4910 Iu
1016 4840 1118 4935 cujus
1138 4834 1191 4909 rei
1203 4829 1452 4907 'testimonium
1473 4828 1558 4904 huic
1579 4828 1707 4930 scripto
1731 4831 1880 4933 tigillum
1902 4834 2058 4911 nostrum
