5734 6700
1059 781 1138 856 DE
1165 779 1567 860 INOHAFFERY.
2023 791 2069 859 41

557 1011 677 1111 gesisse
697 1011 743 1086 de
768 1011 974 1114 Inehaffryn
998 1027 1035 1090 et
1060 1014 1238 1090 canonicis
1263 1015 1396 1090 ibidem
1421 1014 1490 1091 deo
1516 1015 1749 1091 seruientibus
1772 1029 1809 1090 et
1829 1012 2008 1090 seruituris
2033 1015 2071 1088 in

556 1169 684 1242 puram
709 1159 746 1220 et
768 1159 979 1246 perpetuam
1001 1144 1218 1221 elimosinam
1242 1159 1357 1222 totam
1381 1145 1478 1220 illam
1498 1159 1631 1222 terram
1651 1173 1721 1246 que
1745 1173 1804 1222 me
1823 1147 2000 1248 contingit
2023 1148 2069 1222 de

555 1289 650 1350 terra
668 1275 845 1352 Johannis
868 1275 931 1377 filij
958 1275 1086 1351 Dauid
1110 1303 1180 1376 que
1205 1277 1351 1376 quidem
1377 1296 1473 1352 terra
1491 1279 1590 1377 jacet
1609 1278 1704 1352 inter
1729 1291 1861 1353 terram
1887 1279 2067 1378 quondum

554 1407 678 1482 Dauid
694 1407 756 1510 filij
777 1408 932 1486 Galfridi
948 1424 984 1485 at
1000 1423 1133 1486 terram
1150 1409 1288 1486 abbatis
1310 1425 1347 1486 et
1363 1425 1564 1486 conuentus
1581 1411 1627 1487 da
1655 1409 1775 1487 Seona
1799 1437 1908 1511 quam
1933 1424 2064 1486 terram

554 1539 753 1616 Willelmua
779 1540 872 1616 silius
899 1541 1042 1616 Hawok
1064 1553 1164 1618 tenet
1184 1541 1231 1618 de
1256 1567 1315 1616 me
1340 1553 1378 1617 es
1403 1543 1492 1616 meis
1517 1542 1707 1618 adornatis
1727 1542 1791 1617 sibi
1814 1555 1852 1618 et
1871 1541 2063 1618 heredibus

552 1671 621 1746 suis
639 1673 832 1748 tenendam
848 1687 885 1748 et
900 1672 1104 1749 habendam
1119 1673 1182 1747 fibi
1198 1686 1235 1749 et
1251 1673 1499 1748 sueaefforibus
1516 1673 1585 1748 suis
1601 1673 1640 1747 in
1655 1686 1871 1774 perpetuum
1887 1673 1939 1747 ita
1953 1671 2063 1747 libere

552 1817 589 1878 et
616 1802 735 1902 quiete
761 1805 848 1879 sicus
874 1802 1017 1903 aliquod
1043 1803 1256 1905 burgagium
1283 1804 1320 1878 in
1348 1802 1431 1878 villa
1457 1804 1503 1880 de
1531 1802 1644 1914 Parth
1665 1802 1811 1878 liberius
1834 1803 1993 1902 quieeius
2017 1805 2063 1877 ab

550 1935 667 2036 aliquo
710 1951 853 2013 tenetur
888 1937 944 2013 vel
977 1938 1168 2038 possidetur
1201 1937 1295 2012 salua
1334 1937 1573 2013 conuentione
1607 1937 1756 2038 prediei
1792 1935 1962 2011 Willelmi
1996 1935 2059 2035 filij

552 2068 716 2144 Hawoeh
731 2069 778 2145 de
796 2069 977 2144 sexdecim
992 2067 1108 2143 solidis
1125 2069 1171 2144 de
1187 2068 1345 2170 predidla
1360 2082 1457 2145 terra
1478 2068 1567 2142 mihi
1589 2087 1626 2144 et
1648 2069 1838 2145 assumatis
1861 2068 1949 2143 meis
1966 2068 2011 2142 de
2027 2069 2062 2141 se

550 2215 587 2276 et
612 2200 804 2278 heredibus
828 2202 897 2276 suis
919 2201 1106 2278 annuatim
1128 2201 1320 2277 reddendis
1345 2215 1383 2277 et
1406 2200 1502 2276 saluo
1527 2201 1672 2277 seruicia
1693 2201 1831 2277 domini
1857 2201 1951 2302 regis
1979 2245 1987 2259 ·
2014 2201 2061 2273 In

551 2335 654 2432 cujus
673 2334 724 2409 rei
746 2334 987 2410 testimonium
1006 2333 1090 2408 huie
1110 2333 1238 2434 scripto
1255 2332 1407 2434 sigillum
1422 2359 1545 2408 meum
1561 2359 1633 2408 vna
1649 2360 1732 2409 eum
1748 2333 1859 2434 sigillo
1877 2333 2061 2408 communi

550 2466 596 2541 de
613 2465 724 2542 Parth
739 2467 872 2568 apponi
888 2467 957 2542 seei
974 2505 984 2526 ·
1004 2466 1086 2541 Hiis
1103 2466 1249 2542 teslibus
1262 2465 1425 2566 magistro
1443 2465 1604 2542 Roberto
1621 2466 1667 2542 de
1679 2465 1875 2568 Layeistria
1890 2509 1899 2526 ·
1913 2466 2060 2540 domino

552 2598 711 2675 Henrieo
723 2598 795 2675 silio
810 2598 964 2676 Galsridi
982 2639 992 2659 ·
1009 2599 1155 2674 domino
1169 2599 1193 2674 J
1194 2598 1336 2674 ohanne
1349 2599 1395 2674 de
1409 2597 1550 2674 Batalia
1562 2639 1573 2659 ·
1586 2600 1611 2675 J
1612 2600 1753 2675 ohanne
1768 2597 1897 2700 Sokyn
1911 2639 1921 2658 ·
1935 2597 2060 2672 Dauid

551 2729 633 2831 Yep
656 2772 667 2792 ·
691 2729 855 2808 Galfrido
872 2731 918 2806 (16
934 2729 1016 2806 Len
1036 2770 1046 2790 ·
1073 2730 1232 2806 Henrica
1250 2731 1296 2806 de
1315 2729 1473 2806 Bedsord
1491 2746 1527 2807 et
1544 2730 1622 2834 alijs
1648 2775 1656 2791 ·
1680 2729 1814 2806 Adsum
1830 2729 1929 2832 apud
1948 2727 2059 2804 Perth

550 2865 607 2940 die
634 2863 760 2940 Saboti
785 2865 901 2966 primo
930 2864 1007 2965 post
1031 2863 1159 2940 festum
1184 2863 1291 2939 sandli
1317 2863 1486 2940 Nicholai
1511 2891 1607 2940 anno
1631 2865 1745 2967 gratie
1771 2862 1953 2940 millesimo
1981 2871 2059 2937 eems

550 2997 846 3098 quadragesimo·

551 3367 775 3495 Compositio
792 3394 885 3467 inter
902 3390 1090 3467 canonicos
1107 3404 1144 3466 et
1161 3387 1360 3465 Walterum
1377 3391 1544 3491 pistorem
1561 3394 1606 3468 de
1623 3396 1773 3470 terrain
1790 3391 1928 3471 Parth·

484 3682 530 3751 43
550 3634 743 3737 Omnibus
769 3659 898 3737 Christi
924 3656 1088 3734 fidelibus
1109 3658 1252 3759 presens
1271 3657 1441 3758 seriptum
1460 3658 1583 3732 visuris
1603 3657 1659 3734 vel
1678 3660 1853 3735 audituris
1876 3661 2056 3739 Walterus

546 3796 654 3897 pistor
669 3794 715 3870 de
733 3775 845 3869 Parth
867 3807 904 3867 et
928 3791 1065 3891 Hawys
1082 3790 1205 3891 sponsa
1221 3790 1282 3865 sua
1297 3788 1371 3865 filia
1387 3805 1425 3866 et
1448 3790 1551 3867 heres
1567 3792 1751 3891 quondam
1771 3792 1939 3870 Nicholai
1956 3796 2055 3899 Pape

546 3931 726 4030 burgensis
743 3927 788 4003 (16
806 3926 917 4003 Parth
933 3925 1080 4001 salutem
1097 3940 1257 4001 eternam
1273 3924 1312 3998 in
1329 3924 1476 4000 domino
1502 3966 1511 3985 ·
1537 3924 1695 4000 Nouerit
1715 3927 1921 4004 rmuersitas
1943 3932 2056 4006 vestra

546 4061 642 4162 quod
659 4088 741 4136 eum
757 4060 850 4136 inter
872 4060 965 4133 viros
985 4058 1160 4159 religiosos
1180 4058 1345 4133 abbatem
1367 4072 1403 4133 et
1423 4072 1642 4133 conuentum
1663 4058 1709 4132 de
1727 4058 1846 4134 Insula
1867 4062 2054 4144 missarum

547 4222 593 4272 ex
617 4212 718 4297 parte
741 4220 811 4269 vna
833 4210 870 4269 et
889 4221 947 4269 me
968 4208 1005 4269 et
1025 4188 1191 4291 sponsam
1208 4218 1325 4267 meam
1349 4192 1545 4291 predidsam
1568 4216 1614 4267 ex
1638 4191 1752 4281 altera
1772 4194 1876 4294 super
1896 4198 2052 4296 quadam

547 4345 721 4427 terraque
736 4328 805 4404 sirit
821 4326 1002 4427 quondam
1018 4325 1166 4423 prediei
1182 4324 1350 4399 Nieholai
1368 4324 1468 4425 Pape
1483 4350 1554 4423 que
1571 4325 1716 4424 quidem
1733 4338 1830 4400 terra
1841 4329 1938 4425 jacet
1958 4331 2051 4407 inter

546 4482 677 4541 terram
695 4460 848 4539 Galfridi
863 4458 946 4534 diei
957 4457 1075 4532 fratria
1092 4458 1116 4533 J
1117 4456 1268 4532 ohannis
1285 4456 1411 4532 decani
1428 4483 1475 4532 ex
1486 4483 1557 4531 vna
1568 4471 1671 4557 parte
1683 4472 1720 4533 et
1733 4474 1866 4535 terram
1877 4460 2050 4539 Duneaui

545 4594 627 4671 dissi
650 4596 695 4669 de
718 4591 856 4669 Oellare
872 4616 980 4691 quam
996 4590 1043 4665 de
1064 4588 1164 4663 diesis
1184 4587 1349 4690 religiosis
1366 4588 1413 4663 ad
1429 4590 1570 4662 firmam
1586 4602 1686 4664 tenet
1701 4615 1746 4665 ex
1762 4590 1874 4669 altera
1888 4593 1926 4667 in
1942 4595 2049 4695 plena

544 4729 643 4801 euna
658 4726 704 4801 de
722 4724 834 4800 Perth
851 4750 970 4799 coram
986 4720 1178 4799 venerabili
1194 4734 1297 4821 patre
1313 4720 1459 4796 domino
1479 4719 1641 4795 Roberto
1661 4722 1720 4797 dei
1743 4724 1860 4824 gratia
1884 4728 2045 4830 episcope

543 4859 787 4935 Dunblanensi
803 4858 949 4933 domino
966 4854 1145 4931 Willelmo
1161 4854 1206 4929 de
1223 4854 1392 4937 oeorauia
1406 4852 1518 4929 milite
1535 4868 1572 4930 et
1594 4854 1703 4930 etiam
1718 4854 1857 4933 balliuis
1875 4860 1919 4935 de
1933 4860 2044 4940 Parth
