5734 6700
1110 752 1175 817 DE
1203 753 1538 823 INCHAFFERY.
2023 746 2086 811 123

562 953 654 1019 terris
676 953 716 1019 de
739 954 837 1021 Ward
859 954 986 1021 Todbill
1007 966 1040 1020 et
1066 956 1140 1044 Hay
1161 978 1259 1043 grene
1282 978 1356 1023 oum
1377 956 1508 1022 decimis
1534 952 1716 1040 garbalibus
1736 949 1909 1016 earundem
1932 948 2024 1014 torris
2045 950 2085 1013 dc

561 1072 779 1160 Wynmynbill
789 1095 864 1139 cnm
877 1073 1009 1141 decimis
1016 1074 1201 1158 garbalibus
1210 1077 1384 1143 earundem
1393 1097 1457 1142 vna
1469 1096 1542 1141 oum
1556 1073 1599 1139 lic
1611 1092 1709 1158 grene
1721 1072 1798 1157 rysk
1809 1066 1992 1156 jacentibus
2003 1066 2086 1133 infra

561 1192 725 1280 Warddylr
740 1205 774 1260 et
787 1194 943 1261 Welcrost
957 1216 1020 1261 vua
1034 1218 1107 1261 cum
1121 1207 1214 1282 prato
1228 1207 1342 1263 vocato
1356 1196 1495 1285 priouris
1509 1194 1631 1261 medow
1643 1190 1756 1277 viginti
1771 1186 1914 1255 solidatis
1929 1196 2085 1253 terrarum

560 1313 601 1378 de
621 1311 810 1400 'l’bornyhill
830 1312 909 1379 alias
929 1314 1071 1380 Walluco
1088 1314 1164 1380 land
1181 1336 1255 1381 cnm
1272 1314 1402 1381 decimis
1423 1314 1608 1401 garbalibus
1627 1312 1802 1377 earundem
1824 1316 1917 1395 prato
1939 1316 1973 1372 et
1993 1326 2084 1371 mora

560 1432 704 1499 eiusdem
730 1454 793 1521 qne
817 1454 908 1499 mora
931 1434 1091 1500 bondatur
1114 1442 1151 1499 nt
1173 1433 1319 1521 seqnitur
1340 1433 1490 1501 videlicet
1510 1433 1553 1498 lie
1576 1432 1690 1516 Calsey
1713 1450 1776 1518 quo
1797 1425 1888 1493 ducit
1908 1424 1950 1491 od
1971 1423 2082 1490 silvam

560 1552 600 1617 de
615 1551 840 1619 Inchccbeviot
853 1573 895 1619 ex
909 1551 1057 1619 orientali
1076 1563 1204 1639 pratum
1224 1563 1416 1640 occupatum
1437 1574 1494 1640 per
1514 1550 1706 1619 Edwardum
1725 1549 1866 1617 (iraham
1880 1568 1921 1614 ex
1936 1546 2084 1613 occiden-

561 1670 619 1736 tali
633 1670 719 1737 dicta
731 1670 823 1759 sylva
836 1672 877 1737 do
896 1671 1123 1741 Inobecbeviot
1143 1694 1185 1739 ox
1201 1672 1323 1739 boreali
1336 1672 1379 1739 lie
1397 1672 1525 1739 Eldaris
1546 1672 1622 1738 land
1640 1680 1673 1737 et
1691 1668 1881 1756 Thornyhill
1895 1689 1937 1734 ox
1951 1665 2084 1741 ammali

562 1791 708 1877 partibus
729 1813 768 1857 ao
789 1790 887 1859 etiam
908 1814 1005 1879 super
1027 1791 1218 1881 quibusdam
1240 1792 1388 1859 domibus
1408 1802 1444 1859 et
1463 1790 1564 1859 bortis
1586 1800 1620 1857 et
1640 1790 1683 1855 lic
1705 1789 1766 1875 ged
1791 1786 1915 1855 stanlris
1934 1795 1968 1852 et
1988 1807 2085 1871 super

560 1909 673 1995 viginti
689 1921 828 1997 quatuor
843 1909 986 1979 solidatis
1005 1923 1162 1979 terrarum
1181 1913 1222 1979 de
1239 1910 1405 1979 Burnbeid
1422 1922 1457 1978 et
1476 1911 1636 1977 Bumlute
1657 1932 1730 1976 cum
1750 1906 1882 1975 decimis
1900 1905 2084 1993 garbalibus

560 2031 734 2097 earundem
747 2052 873 2097 necnon
890 2054 988 2119 super
1009 2034 1099 2118 sylva
1115 2032 1155 2097 de
1176 2031 1416 2098 Inchecheviott
1434 2042 1470 2099 et
1491 2030 1579 2117 petia
1598 2041 1682 2097 terro
1698 2038 1811 2095 vocata
1828 2030 1878 2095 tbe
1895 2027 1994 2093 Bloir
2012 2046 2085 2091 cum

559 2150 692 2239 decimis
720 2151 904 2238 garbalibus
932 2152 1076 2217 eiusdem
1102 2151 1280 2217 Reddendo
1313 2151 1388 2217 indo
1422 2150 1587 2217 annuatim
1621 2170 1776 2217 summam
1805 2144 1919 2233 viginti
1948 2145 2084 2211 duarum

559 2271 713 2339 librarum
741 2280 776 2338 et
800 2292 859 2337 sex
884 2270 1059 2336 solidorum
1087 2292 1127 2337 ac
1155 2270 1347 2358 duplicando
1375 2270 1493 2338 dictam
1523 2268 1735 2336 feudifirmam
1765 2266 1899 2333 introitu
1929 2264 2084 2349 cuiusque

560 2391 696 2459 heredis.
739 2391 826 2457 Data
850 2392 911 2457 sub
931 2390 1092 2457 communi
1115 2389 1221 2477 sigillo
1246 2400 1345 2478 atquo
1370 2390 1658 2478 subscriptionibus
1681 2386 1884 2453 manualibus
1910 2392 2086 2451 conventus

560 2511 648 2598 apud
660 2508 888 2577 monasterium
903 2508 943 2574 de
958 2507 1137 2595 Inchaffray
1152 2510 1193 2574 11
1210 2508 1331 2597 Aprilis
1345 2510 1427 2577 A.D.
1445 2512 1540 2577 1559.

502 2867 542 2929 11
560 2870 814 2935 Instrumentum
828 2864 932 2933 sosine
943 2866 978 2931 in
992 2864 1114 2933 eisdem
1127 2866 1240 2933 datum
1255 2868 1297 2935 17
1312 2868 1335 2933 J
1338 2866 1393 2954 ulij
1412 2870 1507 2934 1561.

503 3236 544 3297 12
561 3230 659 3293 Carta
680 3226 907 3295 feuditirmaria
921 3248 995 3292 cum
1016 3234 1169 3313 precepto
1190 3223 1296 3291 sasine
1311 3224 1353 3289 ab
1366 3224 1479 3289 eodem
1495 3224 1764 3291 commendatario
1786 3246 1845 3313 pro
1867 3244 1992 3291 summa
2013 3232 2086 3289 octo

560 3349 714 3414 librarum
731 3347 818 3414 facta
836 3345 974 3413 Patricio
994 3346 1108 3434 Smytb
1126 3346 1207 3412 alias
1221 3346 1343 3414 Bastar
1356 3356 1391 3412 et
1404 3344 1475 3412 eius
1492 3369 1609 3435 sponse
1628 3370 1724 3436 super
1744 3346 1836 3416 terris
1851 3344 1972 3414 vocatis
1986 3346 2086 3412 Wcll-

561 3468 645 3534 croft
662 3489 725 3532 vna
742 3488 816 3533 oum
834 3465 981 3532 domibus
1002 3465 1137 3532 edificiis
1153 3476 1187 3532 et
1206 3464 1284 3532 ortis
1305 3488 1364 3552 per
1384 3466 1472 3554 ipsos
1494 3489 1532 3534 ac
1554 3467 1702 3533 Finlaum
1726 3467 1840 3555 Smyth
1862 3467 1941 3532 alias
1965 3468 2086 3532 Bastar

561 3597 686 3672 patrem
697 3584 775 3651 dicti
786 3585 916 3671 Patricij
932 3585 1097 3672 occupatis
1108 3584 1291 3671 jacentibus
1305 3585 1389 3651 inter
1403 3586 1445 3652 lie
1461 3586 1545 3652 Well
1557 3587 1666 3654 strand
1677 3609 1718 3654 ex
1730 3587 1920 3654 occidentali
1934 3599 1968 3652 et
1980 3598 2082 3652 ortum

562 3714 709 3770 vocaturn
728 3705 826 3770 ducat
841 3703 930 3770 zaird
948 3725 990 3770 ex
1005 3703 1153 3770 orientali
1173 3703 1337 3791 publicum
1352 3704 1460 3771 vicum
1476 3727 1540 3792 quo
1560 3705 1625 3772 itur
1639 3705 1681 3772 od
1695 3706 1860 3774 ecclesiam
1876 3707 1917 3772 de
1932 3707 2082 3774 Modirtie

562 3845 603 3890 ex
624 3823 745 3890 boreali
758 3833 792 3890 et
810 3823 943 3890 moltam
958 3833 1103 3890 vocatam
1121 3823 1229 3890 Palice
1244 3825 1326 3890 croft
1339 3846 1381 3891 ex
1400 3825 1534 3892 australi
1548 3826 1694 3912 partibus
1707 3827 1741 3892 in
1756 3826 1889 3895 baronia
1902 3828 1941 3894 de
1958 3828 2084 3912 Cardny

562 3965 625 4010 vna
639 3964 713 4009 cum
732 3942 900 4030 privilegio
913 3942 1056 4011 fodiendi
1076 3945 1158 4010 duas
1171 3943 1273 4010 dietas
1287 3954 1434 4031 potarum
1450 3944 1483 4009 in
1497 3944 1687 4010 occidentali
1707 3945 1835 4011 marisio
1849 3946 1889 4012 do
1905 3947 2083 4034 Inohcffray

561 4075 596 4130 et
609 4085 651 4129 ex
665 4071 756 4149 purte
771 4062 891 4129 boreali
904 4063 984 4130 silve
998 4064 1039 4129 do
1054 4063 1221 4129 Incbeviot
1234 4063 1411 4129 Reddendo
1424 4063 1499 4129 indo
1508 4061 1671 4130 aunuatim
1683 4063 1792 4130 decem
1804 4064 1922 4132 solidos
1937 4087 1999 4132 vna
2010 4089 2082 4133 cum

561 4185 686 4250 duabus
712 4182 847 4272 pultreis
872 4182 1024 4248 solvendo
1049 4183 1147 4248 etiam
1172 4181 1374 4248 herezeldam
1400 4171 1473 4247 cum
1500 4204 1557 4268 per
1582 4195 1717 4248 mortem
1744 4183 1916 4271 contigerit
1942 4207 2000 4252 seu
2023 4209 2082 4273 pro

560 4303 674 4371 eadem
699 4301 813 4389 viginti
838 4301 958 4368 solidos
981 4321 1106 4368 necnon
1131 4300 1326 4388 duplicando
1350 4299 1563 4368 leudifirmam
1588 4301 1723 4368 introitu
1749 4303 1921 4372 cuiuslibet
1944 4305 2080 4374 heredis.

561 4426 649 4492 Data
662 4425 723 4490 sub
738 4421 899 4490 communi
912 4420 1018 4506 sigillo
1033 4431 1131 4508 atque
1146 4419 1327 4506 subscripta
1341 4419 1427 4506 apud
1441 4418 1668 4488 monasterium
1683 4423 1723 4487 de
1735 4422 1913 4512 Inobaffray
1929 4427 1971 4491 12
1987 4426 2084 4494 Octo·

561 4547 627 4614 bris
642 4545 723 4611 AD.
740 4545 834 4610 1559.
