5734 6700
1154 989 1427 1058 APPENDIX.
2001 993 2047 1057 xli

543 1203 643 1280 navit
656 1217 696 1281 et
715 1227 782 1306 pro
797 1205 833 1280 se
854 1219 892 1280 ct
911 1203 1102 1281 heredibus
1120 1203 1189 1282 suis
1211 1202 1357 1283 omnino
1380 1205 1536 1306 quietam
1554 1204 1723 1284 clamauit
1747 1203 2009 1308 imperpetuum
2035 1247 2047 1270 ·

542 1335 756 1414 Tenendum
784 1351 821 1414 et
845 1335 1047 1414 habendam
1071 1337 1209 1438 pretato
1234 1335 1414 1414 Willelmo
1438 1350 1477 1413 ct
1501 1337 1692 1414 heredibus
1717 1335 1786 1414 suis
1810 1338 1857 1414 do
1882 1339 1985 1414 nobis
2009 1355 2047 1415 et

540 1466 730 1542 heredibus
752 1468 877 1544 nostrie
898 1469 939 1542 in
958 1467 1063 1544 feodo
1085 1484 1123 1544 et
1144 1467 1342 1546 hereditate
1364 1493 1430 1570 per
1449 1494 1574 1544 omnes
1592 1470 1703 1544 rectus
1721 1483 1836 1544 metes
1862 1483 1900 1544 et
1922 1469 2047 1544 divisas
2194 1513 2198 1520 -

540 1599 619 1674 suas
645 1599 736 1675 adeo
762 1598 873 1674 libere
900 1599 1020 1700 quiete
1047 1598 1204 1700 plenarie
1230 1612 1268 1676 ot
1294 1600 1489 1676 honorifice
1517 1625 1600 1676 cnm
1630 1599 1795 1676 omnibns
1823 1600 2046 1677 libertatibus

542 1727 854 1806 commoditatibus
874 1729 1086 1806 nidamentie
1109 1743 1146 1806 et
1163 1732 1272 1830 justis
1291 1731 1522 1832 pertinenciis
1540 1733 1611 1807 fuis
1632 1733 1720 1808 ficut
1741 1732 1880 1833 prefata
1901 1733 2047 1810 domine

542 1861 629 1936 Ado
645 1861 777 1938 dictam
791 1876 924 1938 terrem
941 1863 987 1938 dc
1004 1861 1202 1964 Tnliberdy
1217 1887 1301 1938 cum
1316 1863 1543 1964 pertinenciis
1559 1862 1705 1939 liberius
1721 1864 1881 1963 quiecius
1906 1864 2047 1967 plonius

541 2007 578 2068 et
593 1991 887 2070 honorificenciue
903 1993 1023 2094 aliquo
1040 2008 1200 2096 tempore
1216 1995 1333 2072 tenuit
1346 2009 1383 2071 et
1398 1995 1549 2096 poffedit
1565 2033 1577 2056 ·
1592 1995 1771 2071 Fecieudo
1787 1996 1872 2072 inde
1887 1998 2046 2098 prefatus

541 2121 741 2201 Willelmus
758 2140 795 2202 et
810 2126 960 2203 heredes
975 2127 1028 2202 sui
1042 2127 1252 2204 forinsecum
1267 2127 1453 2202 seruicinm
1468 2127 1609 2226 regium
1626 2143 1663 2204 et
1679 2130 1783 2205 nobis
1799 2143 1837 2204 et
1852 2129 2046 2204 heredibus

541 2257 666 2332 nostrie
682 2257 826 2334 seruicia
842 2258 963 2334 debita
977 2272 1015 2334 et
1031 2259 1195 2334 consueta
1212 2273 1385 2358 qnantum
1401 2260 1449 2334 ad
1465 2259 1617 2335 eundem
1637 2274 1771 2335 terram
1792 2261 1949 2362 pertinet
1966 2301 1977 2322 ι
1994 2261 2047 2336 ite

540 2402 661 2463 tamen
679 2391 777 2487 quod
793 2415 861 2466 neo
878 2415 944 2465 nos
960 2406 1024 2464 eut
1039 2388 1189 2466 heredes
1205 2391 1318 2465 nostri
1334 2391 1530 2492 predictam
1546 2406 1679 2467 terram
1695 2393 1742 2467 de
1751 2391 1950 2494 Tulibnrdy
1963 2419 2046 2468 oum

540 2519 768 2618 pertinenciis
785 2518 932 2596 ulterius
949 2534 1133 2596 teneamur
1149 2522 1380 2597 warantizare
1392 2522 1449 2598 vel
1461 2525 1705 2623 cujuscunque
1716 2523 1860 2600 alterius
1872 2525 2046 2600 actionem

541 2663 679 2724 rectum
701 2648 758 2724 vel
777 2650 953 2726 clameum
975 2651 1164 2726 defendere
1186 2651 1249 2726 nih
1272 2667 1413 2728 tantum
1436 2681 1502 2754 pro
1522 2653 1657 2731 clamen
1679 2669 1803 2731 nostro
1819 2655 2047 2732 etheredum

542 2783 741 2857 nostrorum
758 2822 768 2841 ·
787 2782 834 2856 In
855 2782 956 2858 cuius
981 2783 1034 2858 rei
1055 2783 1293 2859 testimonium
1309 2785 1461 2884 presenti
1480 2801 1577 2863 carte
1593 2788 1709 2864 nostre
1725 2786 1874 2889 figillum
1889 2789 2047 2863 nostrum

541 2912 688 2988 fecimus
704 2914 837 3016 apponi
853 2953 864 2975 ·
883 2913 966 2989 Hiis
978 2914 1124 2990 testibus
1143 2957 1152 2974 ·
1169 2916 1361 2992 venerabili
1377 2918 1571 2997 inebriato
1587 2934 1689 3021 petre
1705 2920 1851 2996 domino
1870 2922 2047 3004 mauricio

542 3044 616 3120 Dei
638 3045 752 3146 gratia
774 3045 934 3146 episcopo
956 3044 1214 3122 Dumblanenfi
1232 3087 1242 3107 ·
1259 3047 1419 3126 Domino
1440 3050 1620 3128 Willelmo
1642 3051 1688 3127 de
1709 3053 1837 3135 moute
1861 3053 1935 3128 fixo
1960 3067 2048 3128 tunc

538 3176 734 3275 justicinrio
750 3201 796 3253 ex
812 3193 915 3278 parte
930 3176 1063 3254 boreali
1079 3204 1171 3278 aque
1187 3179 1233 3254 de
1249 3179 1364 3256 Forth
1382 3223 1391 3242 ·
1408 3183 1553 3259 domiuo
1569 3183 1597 3259 J
1597 3183 1738 3260 ohanne
1759 3183 1806 3259 de
1822 3184 1986 3268 moravia
2000 3185 2047 3260 de

543 3307 818 3410 Dromsergerth
842 3347 853 3371 ·
879 3310 1024 3387 domino
1047 3309 1076 3386 J
1077 3310 1216 3389 chenne
1246 3311 1291 3389 de
1321 3313 1576 3419 Incbemartyn
1601 3358 1612 3378 ·
1638 3316 1782 3393 domiuo
1812 3314 1972 3393 Waltero
2000 3317 2047 3393 de

543 3441 732 3527 meneteth
750 3486 759 3505 ·
777 3442 947 3520 militibus
965 3484 974 3507 ·
992 3444 1187 3530 malcolmo
1210 3448 1255 3523 de
1275 3448 1315 3523 D
1341 3490 1351 3509 ·
1379 3491 1388 3508 ·
1417 3492 1426 3509 ·
1453 3491 1464 3509 ·
1489 3450 1585 3553 nych
1608 3488 1619 3510 ·
1644 3448 1826 3526 Willelmo
1848 3450 1894 3525 de
1918 3449 2047 3526 Grum-

542 3576 632 3679 byth
650 3620 659 3637 ·
676 3576 704 3652 J
703 3576 844 3653 ohanne
861 3577 906 3653 de
922 3578 1148 3681 Innerpeffry
1165 3618 1175 3641 ·
1193 3594 1230 3655 et
1246 3579 1368 3657 multis
1385 3580 1472 3655 aliis

550 3944 741 4063 melisius
761 3994 880 4045 comes
904 3970 949 4045 de
968 3970 1175 4047 Stratherne
1197 3970 1261 4047 dat
1279 3970 1438 4046 Johenui
1460 3970 1506 4046 de
1528 3972 1693 4056 moravia
1716 3973 1762 4047 de
1789 3970 2047 4074 Dromsyrgnrt

543 4114 579 4175 et
602 4099 793 4177 heredibus
817 4101 863 4177 de
887 4102 1006 4185 diario
1028 4100 1103 4177 filia
1125 4101 1263 4177 comitis
1288 4102 1500 4179 exeuntibus
1524 4133 1538 4189 ι
1564 4117 1696 4179 terram
1716 4104 1763 4178 de
1784 4102 2017 4206 Ahbercarny
2036 4146 2052 4193 ι,

551 4231 656 4331 On'g.
673 4234 715 4307 io
733 4232 891 4309 archivis
906 4234 952 4309 de
967 4234 1223 4333 Abcrooimey.

471 4510 519 4579 24
545 4466 704 4569 Vniiits
731 4494 929 4592 presentem
954 4509 1087 4571 certem
1111 4494 1234 4575 visuris
1258 4496 1298 4571 vt
1322 4494 1467 4570 auditui
1490 4494 1651 4579 mulidus
1677 4494 1808 4571 Comes
1832 4497 1878 4571 de
1905 4496 2047 4573 St‘thm

545 4608 666 4699 einum
683 4623 721 4698 in
738 4624 811 4699 dno
828 4624 915 4699 seim
930 4664 939 4687 ·
953 4599 1100 4701 Noditis
1116 4651 1181 4701 nos
1198 4624 1327 4701 dedite
1341 4666 1350 4685 ·
1364 4625 1558 4702 conoeffiffe
1569 4667 1577 4684 ·
1589 4638 1626 4700 et
1641 4624 1709 4701 bno
1724 4608 1839 4728 {isonti
1856 4627 1967 4704 Certe
1982 4639 2048 4704 fita

538 4754 701 4855 prmaffe
724 4754 816 4830 Joui
840 4756 885 4831 de
910 4757 1075 4840 (tioronin
1099 4759 1145 4833 de
1167 4757 1437 4859 Dromsyrgert·
1453 4771 1566 4833 totam
1587 4740 1684 4831 iram
1708 4757 1754 4833 de
1778 4740 1975 4862 Abiicarny
2000 4774 2048 4836 οῦ

543 4885 732 4987 ptinenciis
749 4912 823 4985 que
835 4887 902 4963 fnit
919 4868 1030 4963 Robti
1046 4886 1110 4961 filii
1125 4888 1244 4989 magni
1261 4887 1349 4963 dicti
1365 4888 1411 4964 de
1429 4869 1574 4964 St‘tiirn
1594 4888 1741 4989 q⁰ndum
1758 4891 1912 4966 tenentis
1929 4892 1985 4966 firi
2002 4893 2046 4968 de

544 5017 650 5095 eadm
666 5050 680 5107 ι
698 5018 853 5095 Tenenti
867 5034 894 5093 t
910 5018 1047 5094 hndem
1064 5018 1123 5095 eid
1139 5018 1227 5095 Johi
1243 5034 1270 5095 t
1287 4999 1416 5121 hedibg,
1427 5021 1497 5097 suis
1510 5020 1556 5097 de
1568 5020 1687 5105 diaria
1698 5019 1771 5096 filia
1783 5032 1848 5097 fita
1860 5024 2047 5123 exeuntib3
