5734 6700
756 677 805 750 62
1326 667 1684 748 REGISTRUM

755 904 882 980 elerico
899 901 1037 978 domini
1054 901 1166 1003 Regis
1190 943 1199 962 ·
1224 900 1385 976 Henrieo
1402 900 1559 975 firmatio
1575 899 1669 976 dieto
1690 899 1848 1000 Symone
1868 900 1893 977 J
1894 901 2036 977 ohanne
2052 917 2090 978 et
2107 903 2266 1004 Hugone

755 1037 838 1139 filije
868 1035 951 1111 diei
978 1035 1128 1110 Henrioi
1163 1077 1172 1096 ·
1202 1031 1383 1110 Willelmo
1410 1032 1538 1109 clerieo
1568 1073 1578 1094 ·
1609 1030 1800 1110 Gilleselan
1820 1034 1945 1135 judice
1979 1074 1988 1092 ·
2017 1034 2162 1137 Rogero
2193 1035 2269 1114 filio

756 1171 882 1248 Jacobi
902 1169 1098 1270 cimentnrij
1128 1210 1137 1229 ·
1189 1168 1298 1242 Petro
1323 1166 1397 1242 filio
1422 1166 1507 1241 dieti
1533 1165 1728 1266 cimentarij
1756 1205 1767 1226 ·
1795 1167 1940 1270 Rogero
1966 1182 2004 1244 et
2025 1169 2161 1246 laoobo
2185 1169 2268 1271 filije

635 1332 638 1338 ·
757 1304 898 1404 Wgena
916 1345 924 1362 ·
942 1301 1062 1376 Bricio
1081 1299 1239 1400 dapifero
1256 1313 1293 1374 et
1309 1297 1429 1384 coultie
1446 1297 1525 1399 alije
1543 1338 1553 1359 ·

759 1673 881 1776 Curta
898 1713 991 1774 terre
1008 1696 1046 1771 in
1063 1712 1268 1774 tenemento
1284 1698 1329 1774 de
1347 1696 1457 1801 Roffy
1476 1741 1485 1760 ·

690 1969 738 2040 63
759 1937 953 2038 Omnibus
979 1962 1110 2041 christi
1133 1963 1297 2040 fidelibus
1322 1964 1466 2064 presens
1490 1964 1658 2066 seriptum
1682 1963 1806 2039 visuris
1830 1962 1888 2040 vel
1910 1963 2085 2040 audituris
2109 1965 2269 2050 oealisiue

753 2094 847 2169 filins
861 2137 870 2154 ·
887 2093 925 2170 G
941 2138 949 2154 ·
962 2095 1144 2195 quondam
1157 2095 1296 2171 comitis
1309 2095 1354 2171 de
1373 2095 1592 2197 Stratheryn
1603 2094 1703 2182 ‹oilee
1715 2110 1876 2170 eternam
1889 2094 1929 2168 in
1940 2094 2086 2171 domino
2094 2094 2243 2172 salutem
2257 2139 2267 2156 ·

754 2227 909 2302 Nouerit
924 2228 1131 2303 vniuerfitas
1147 2230 1262 2303 vestra
1277 2254 1336 2302 me
1353 2227 1509 2303 caritatis
1526 2227 1660 2302 intuitu
1675 2253 1741 2328 pro
1757 2225 1868 2301 salute
1884 2226 2002 2302 anime
2018 2253 2098 2302 mee
2113 2241 2151 2302 et
2165 2242 2268 2304 ante-

754 2358 923 2434 cessorum
954 2384 1114 2435 meorum
1138 2371 1174 2435 et
1203 2357 1331 2460 malifij
1363 2357 1424 2457 filij
1456 2359 1528 2435 mei
1556 2372 1594 2434 et
1619 2358 1792 2433 heredum
1821 2383 1983 2434 meorum
2008 2373 2045 2435 et
2069 2374 2269 2436 eeterornm

754 2490 982 2566 suceessorum
1005 2517 1168 2566 meorum
1194 2490 1324 2566 dedisse
1351 2491 1545 2566 eoneeffiffe
1571 2505 1609 2567 et
1633 2489 1703 2566 hoe
1727 2490 1882 2592 presenti
1902 2491 2032 2592 scripto
2051 2492 2268 2567 confirmasse

752 2622 836 2696 Deo
854 2636 890 2698 et
906 2622 1009 2698 beate
1026 2621 1145 2706 marie
1162 2635 1198 2696 et
1215 2622 1321 2697 beato
1338 2622 1363 2699 J
1365 2621 1498 2698 ohanni
1514 2619 1670 2724 apostolo
1695 2638 1733 2698 et
1745 2621 1963 2723 ‘euangelista
1980 2622 2026 2699 de
2043 2622 2163 2697 Insula
2177 2621 2269 2704 Olis-

752 2755 868 2830 sarum
886 2771 922 2831 et
938 2755 1060 2832 abbati
1077 2769 1114 2830 et
1130 2755 1324 2830 conuentui
1347 2756 1504 2856 ejusdem
1520 2755 1590 2830 loci
1612 2771 1649 2832 et
1669 2783 1794 2832 eorum
1815 2757 2063 2833 suceefforibue
2079 2757 2118 2830 in
2138 2783 2268 2858 puram

753 2901 789 2962 et
805 2901 1017 2987 perpetuam
1034 2885 1260 2962 elemosinam
1277 2885 1373 2960 illam
1390 2885 1602 2987 perticulam
1623 2901 1717 2964 terre
1734 2887 1774 2962 in
1791 2901 1996 2963 tenemento
2013 2888 2060 2962 de
2075 2885 2185 2989 Rossp'r
2202 2914 2269 2989 per

753 3017 829 3092 illas
852 3031 965 3093 metae
988 3043 1053 3118 per
1074 3043 1161 3116 quas
1184 3003 1253 3117 ego
1277 3043 1397 3092 eoram
1418 3017 1609 3118 fidedignin
1631 3017 1832 3118 inproprie
1853 3019 2003 3118 persona
2021 3017 2269 3119 perambulans

754 3191 763 3210 ·
782 3148 910 3224 seilicet
929 3191 937 3208 ·
963 3175 985 3223 a
1006 3149 1144 3248 petario
1162 3148 1208 3224 de
1231 3147 1341 3248 Rossy
1359 3149 1423 3246 qui
1442 3147 1582 3224 Scotiee
1599 3149 1730 3226 dieitur
1746 3150 1906 3226 Pethaeh
1923 3153 2011 3226 sicut
2029 3149 2167 3225 riuulne
2183 3151 2267 3227 diei

752 3281 876 3384 petarij
904 3279 1075 3357 distendit
1100 3280 1218 3355 versun
1237 3278 1448 3357 orientalem
1468 3293 1609 3379 partem
1629 3280 1736 3381 vsque
1760 3281 1808 3357 ad
1831 3283 1926 3359 viam
1950 3309 2020 3384 que
2045 3285 2079 3359 se
2104 3285 2266 3362 extendit

753 3414 798 3489 de
823 3412 997 3515 Strathyn
1022 3413 1127 3513 rsque
1144 3414 1190 3487 ad
1208 3412 1317 3514 Rossy
1335 3427 1371 3487 et
1391 3414 1438 3487 sie
1461 3438 1527 3511 per
1547 3412 1645 3489 illam
1661 3413 1757 3489 viam
1776 3415 1896 3490 versus
1919 3418 2076 3492 austrum
2092 3417 2198 3518 vsque
2217 3421 2267 3493 ad

753 3547 913 3621 aseruum
937 3544 1098 3645 lapidum
1123 3570 1189 3645 per
1213 3570 1271 3617 me
1294 3541 1463 3644 [santum]
1488 3543 1622 3620 ibidem
1645 3559 1682 3620 et
1705 3546 1751 3619 fin
1770 3545 1928 3623 fimiliter
1950 3549 2057 3647 usque
2082 3550 2129 3624 ad
2154 3549 2265 3625 alium

752 3679 915 3753 aseruum
947 3703 1013 3777 per
1042 3702 1100 3751 me
1128 3675 1259 3750 neum
1290 3690 1326 3749 et
1364 3676 1410 3749 sie
1439 3674 1559 3750 versun
1587 3675 1846 3753 occidentalem
1878 3692 2018 3777 partem
2050 3708 2117 3781 per
2148 3680 2266 3757 albam

752 3827 885 3889 metam
913 3810 1043 3887 scilieet
1071 3834 1219 3911 paruam
1249 3808 1408 3883 semitam
1436 3809 1614 3906 usquead
1642 3809 1772 3885 neum
1803 3810 1981 3912 petarium
2011 3829 2048 3889 et
2076 3816 2122 3890 sio
2147 3818 2264 3891 versuo

752 3943 989 4045 aquilonalem
1015 3956 1155 4044 partem
1181 3939 1286 4040 rsque
1309 3939 1356 4012 ad
1379 3939 1517 4015 exitum
1542 3939 1624 4015 diei
1644 3940 1752 4016 riuuli
1772 3943 1855 4019 dieti
1877 3944 2006 4046 petarij
2027 3972 2098 4047 que
2118 3948 2264 4046 quidem

751 4078 924 4180 pertieula
957 4093 1051 4153 terre
1081 4074 1286 4151 continuate
1315 4072 1477 4151 eontinet
1509 4072 1547 4145 in
1575 4072 1610 4148 se
1639 4087 1712 4149 tres
1748 4101 1849 4151 aerae
1881 4091 1975 4155 torre
2008 4095 2046 4155 et
2073 4079 2226 4181 amplius
2251 4119 2261 4140 ·

753 4210 963 4285 Tenendam
981 4222 1017 4284 et
1037 4206 1238 4283 habendam
1254 4206 1317 4281 srbi
1337 4218 1375 4281 et
1390 4203 1461 4279 suis
1476 4204 1722 4279 suecessoribus
1744 4222 1781 4281 et
1799 4232 1924 4283 eorum
1940 4210 2117 4313 assignatis
2138 4210 2185 4288 de
2203 4238 2263 4287 me

751 4356 788 4415 et
811 4340 1002 4417 heredibus
1018 4338 1107 4415 meis
1132 4338 1170 4412 in
1193 4362 1320 4437 puram
1344 4351 1380 4413 et
1405 4348 1617 4437 perpetuam
1637 4334 1862 4413 elemosinam
1880 4338 1990 4419 libere
2009 4356 2046 4417 et
2065 4342 2185 4443 quiete
2209 4345 2261 4419 in·

753 4487 964 4572 perpetuum
982 4499 1064 4548 oum
1081 4472 1223 4573 pastura
1240 4468 1431 4547 duodecim
1448 4494 1636 4545 retentum
1657 4484 1693 4545 et
1709 4470 1836 4572 viginti
1858 4473 1980 4549 ouium
2003 4490 2039 4552 et
2055 4476 2159 4551 vniue
2178 4478 2262 4577 equi

751 4630 821 4677 rna
837 4630 919 4679 eum
935 4606 1152 4705 aysiamento
1169 4602 1330 4679 sumendi
1346 4602 1385 4675 in
1402 4600 1497 4677 dieto
1519 4600 1656 4701 petatio
1677 4602 1820 4704 {inpilia
1843 4606 1947 4681 annia
1962 4607 2090 4710 viginti
2111 4609 2261 4686 karueas

753 4748 915 4834 petarnm
935 4736 990 4811 vel
1010 4739 1035 4811 fi
1059 4734 1250 4811 maluerint
1272 4749 1399 4835 quater
1421 4733 1549 4836 viginti
1573 4758 1681 4809 onera
1701 4759 1873 4833 equorum
1894 4764 1976 4813 eum
1997 4742 2124 4819 eeterie
2146 4744 2255 4842 ayssa-
