5734 6700
1047 761 1126 836 DE
1158 760 1560 839 INOHAFFERY.
2010 777 2057 846 51

547 1097 668 1198 Carta
685 1123 731 1198 de
748 1121 882 1224 oapolla
905 1121 950 1198 de
972 1121 1123 1222 Wuysse
1147 1122 1192 1198 de
1216 1135 1311 1198 terra
1326 1122 1372 1198 de
1393 1123 1595 1226 Oaryinohe
1611 1139 1649 1202 et
1668 1124 1748 1228 alijs
1770 1142 1923 1226 quatuor
1945 1131 2056 1207 dena-

542 1256 687 1331 nariatis
704 1271 798 1332 torro
817 1297 826 1316 ·

460 1527 521 1599 eo
543 1493 738 1596 Omnbus
756 1521 886 1598 ohan
902 1523 1065 1599 euentus
1081 1522 1146 1597 nas
1163 1521 1281 1599 literas
1298 1523 1506 1625 inspecturis
1523 1523 1579 1599 vu
1595 1525 1769 1600 suntme
1793 1525 1990 1603 enudus
2007 1529 2052 1604 n

541 1650 660 1726 Insula
676 1653 840 1728 dominus
857 1656 902 1730 de
913 1655 1015 1756 Wyst
1033 1654 1178 1729 salutem
1195 1655 1232 1730 in
1249 1655 1436 1729 visceribus
1452 1653 1633 1730 saluatoris
1650 1698 1661 1716 ·
1678 1656 1835 1734 Nouerit
1846 1660 2052 1737 vniuerfitas

538 1785 652 1860 vostra
671 1812 736 1861 nos
753 1786 883 1864 dedisse
900 1789 1092 1864 concessisse
1109 1815 1151 1862 ao
1171 1787 1322 1888 presenti
1344 1785 1476 1888 [carta]
1494 1789 1711 1865 confirmasse
1726 1816 1792 1891 pro
1808 1790 1917 1867 salute
1934 1793 2051 1869 anime

539 1921 656 1998 nostre
673 1935 709 1998 ot
727 1923 923 1998 nostrornm
939 1923 1220 2026 predecessorum
1236 1921 1274 1994 in
1290 1920 1425 1997 honore
1442 1922 1556 1997 sansle
1572 1923 1741 1999 trinitatis
1759 1937 1796 2000 et
1811 1924 1915 2001 beato
1931 1927 2051 2011 (llario

537 2059 682 2160 virginis
702 2058 846 2160 glorioso
867 2061 1073 2143 monasterio
1102 2058 1208 2133 sanbti
1231 2056 1405 2132 Johannis
1430 2055 1644 2158 euangelista
1663 2057 1701 2131 in
1723 2057 1843 2133 Insula
1866 2061 2052 2142 missarum

538 2205 575 2266 et
600 2191 792 2266 conuentui
818 2191 974 2290 ejusdem
999 2190 1037 2263 in
1062 2215 1189 2292 puram
1211 2201 1248 2264 et
1268 2202 1479 2292 perpetuam
1499 2188 1721 2264 elemosinam
1745 2190 1915 2293 capellam
1938 2193 2052 2269 sansle

538 2323 705 2398 trinitatis
722 2324 759 2396 in
770 2323 873 2425 Wysl
890 2337 1055 2399 ettotam
1073 2339 1203 2398 terram
1221 2323 1265 2397 de
1280 2321 1452 2422 Karynoh
1468 2335 1505 2396 et
1521 2336 1674 2421 quatuor
1690 2322 1891 2399 denariatas
1909 2340 2002 2402 terre
2015 2327 2052 2400 in

538 2455 647 2532 Ylara
663 2458 756 2532 inter
774 2457 948 2532 Husabost
967 2455 1037 2558 [et]
1057 2454 1303 2532 Kanerraraoh
1315 2455 1466 2530 situatas
1478 2457 1566 2531 siout
1578 2455 1705 2531 melius
1716 2455 1860 2532 liberius
1879 2457 2050 2534 honorifi-

537 2591 675 2666 centius
696 2604 732 2666 et
749 2588 867 2664 vtilius
889 2589 1041 2664 Orisbina
1061 2587 1133 2662 filiu
1153 2587 1262 2662 Alani
1282 2588 1374 2661 bone
1396 2586 1567 2664 memorie
1583 2614 1668 2665 vera
1689 2587 1793 2664 heres
1813 2602 1851 2665 et
1875 2589 2048 2692 Reginal-

537 2726 603 2800 dus
637 2724 751 2800 distus
785 2723 972 2823 ornent
998 2749 1102 2798 verus
1128 2722 1292 2796 dominus
1326 2733 1363 2796 et
1396 2733 1570 2822 patronus
1602 2721 1732 2797 (lislam
1765 2721 1937 2825 capellam
1965 2751 2048 2800 oum

536 2859 680 2960 prefatis
698 2857 800 2933 terris
817 2856 917 2932 distis
930 2855 1137 2940 monasterio
1155 2870 1191 2931 et
1208 2854 1401 2930 conuentui
1417 2853 1647 2930 oontnlerunt
1665 2897 1674 2915 ·
1695 2854 1776 2933 Nos
1793 2883 1876 2932 voro
1888 2857 2048 2936 volentes

536 2992 759 3068 collationem
776 3005 812 3068 et
829 2991 1058 3067 donationem
1076 2990 1270 3066 eorundem
1285 2991 1425 3063 sirmam
1442 3015 1485 3063 ao
1503 2990 1664 3065 stabilem
1683 3017 1894 3092 permanere
1910 2994 2049 3070 easdem

537 3152 602 3228 por
626 3127 802 3228 presentes
828 3125 1043 3199 affirmamus
1068 3124 1284 3198 ratificamus
1309 3122 1548 3224 approbamus
1570 3149 1613 3198 ao
1632 3122 1848 3200 innouamus
1868 3145 1906 3203 et
1925 3127 1988 3202 sub
2004 3153 2048 3204 ea

535 3261 649 3336 forma
670 3259 834 3336 videlieet
854 3259 950 3360 quod
970 3260 1088 3333 nosber
1110 3256 1257 3333 dileslus
1277 3283 1318 3330 ao
1338 3255 1495 3359 specialis
1515 3257 1683 3332 dominus
1700 3258 1861 3334 Thomas
1879 3261 2045 3363 sepedisii

534 3395 729 3494 coonasberij
753 3394 945 3471 canonicus
965 3392 1109 3467 nomine
1128 3390 1212 3467 disti
1231 3392 1428 3489 monasterij
1453 3391 1582 3468 <lislam
1602 3392 1775 3494 capellam
1796 3422 1879 3470 oum
1899 3398 2044 3498 prefatis

533 3526 635 3603 terris
661 3542 698 3601 et
725 3526 890 3601 omnibus
915 3525 984 3599 suis
1012 3524 1238 3627 pertinentijs
1264 3523 1402 3623 integre
1429 3524 1576 3624 paoifioe
1603 3539 1641 3601 et
1668 3526 1788 3625 quiete
1813 3528 1982 3630 possideat
2002 3556 2045 3607 ao

533 3660 690 3764 plenarie
717 3703 726 3720 ·
758 3660 803 3733 ln
833 3660 934 3763 cujus
959 3660 1011 3734 rei
1037 3658 1275 3734 testimonium
1301 3657 1452 3760 sigillum
1480 3660 1639 3735 nostrum
1664 3662 1884 3763 presentibus
1910 3666 2041 3765 apponi

531 3794 680 3870 fecimus
698 3794 795 3897 apud
812 3796 963 3868 castrum
980 3794 1137 3868 nostrum
1153 3792 1199 3866 de
1218 3790 1332 3865 Elane
1356 3791 1468 3894 tyrim
1487 3834 1496 3853 ·
1521 3792 1570 3893 vij
1591 3836 1601 3853 ·
1619 3793 1678 3869 die
1697 3796 1826 3871 mensis
1842 3794 1929 3899 Julij
1947 3822 2044 3873 anno

532 3929 668 4004 domini
684 3926 867 4004 millesimo
884 3934 982 4003 ooo'ffl’
999 3927 1205 4027 oslogesimo
1221 3952 1317 4001 nono
1335 3963 1344 3985 ·

531 4302 667 4405 Lirem
683 4326 923 4405 testimonialia
939 4328 1068 4429 saysine
1085 4340 1179 4403 terre
1196 4324 1303 4427 Brioij
1323 4325 1368 4400 de
1384 4324 1628 4400 Ardrosl'ane·

472 4567 944 4671 montanensem
959 4592 1081 4669 mnu
1096 4592 1154 4668 vn
1173 4590 1347 4667 sustine
1370 4588 1510 4665 assius
1533 4590 1579 4666 se
1599 4589 1795 4667 Arason
1815 4606 1974 4669 temam
1994 4593 2033 4670 in

529 4728 673 4806 domino
684 4728 830 4807 salutem
843 4772 852 4791 ·
865 4728 1021 4805 Nouerit
1029 4728 1234 4807 vniuerfitas
1246 4728 1358 4803 restra
1370 4752 1428 4801 me
1438 4751 1519 4801 mea
1527 4726 1719 4827 spontanea
1727 4724 1911 4803 voluntate
1920 4728 2033 4804 tradi-

529 4864 612 4940 difl'e
629 4866 749 4941 abbati
766 4879 802 4940 et
820 4862 1014 4941 conuentus
1032 4861 1077 4937 de
1096 4860 1212 4937 Insula
1229 4862 1414 4947 missarum
1430 4859 1625 4962 plenariam
1641 4861 1808 4964 sayfinam
1817 4861 1927 4938 totius
1939 4876 2031 4938 terre
