5734 6700
752 767 800 839 68
1325 748 1689 829 REGISTRUM

751 993 798 1066 ed
823 989 1015 1091 predistem
1043 987 1220 1063 eeclefiem
1248 984 1511 1088 pertinentibus
1533 983 1571 1058 in
1597 1006 1724 1084 puram
1750 993 1786 1054 et
1808 989 2016 1078 perpetuam
2043 973 2263 1050 elemefinem

752 1128 799 1202 ed
816 1124 1017 1200 habendam
1038 1120 1231 1197 tenendam
1254 1133 1290 1195 et
1315 1118 1555 1219 poffidendem
1581 1117 1627 1191 de
1646 1140 1705 1189 me
1730 1127 1767 1189 et
1791 1111 1982 1186 heredibus
2005 1109 2095 1184 meis
2120 1108 2158 1180 in
2182 1131 2266 1208 per-

753 1272 903 1360 petuum
927 1255 978 1330 ite
1001 1252 1111 1330 libere
1134 1252 1254 1352 quiete
1278 1250 1438 1353 plenarie
1460 1265 1497 1324 et
1516 1247 1712 1324 honorifice
1732 1247 1818 1320 ficut
1834 1242 1943 1342 aliqui
1959 1240 2110 1342 religiofi
2127 1240 2164 1314 in
2189 1253 2266 1316 toto

753 1417 863 1492 regno
882 1387 1002 1464 Scotie
1019 1385 1174 1486 aliquem
1192 1384 1372 1461 ecelesiam
1388 1382 1535 1458 liberius
1552 1379 1710 1481 quietius
1726 1375 1906 1477 plenarius
1922 1390 1959 1451 et
1975 1373 2266 1450 honorifioentius

753 1526 887 1602 hebent
916 1535 1041 1599 tenent
1074 1534 1111 1596 et
1135 1520 1309 1622 poffident
1344 1561 1353 1578 ·
1391 1518 1476 1618 Hije
1502 1515 1649 1591 testibus
1675 1511 1813 1597 malifio
1836 1511 1946 1585 fratre
1970 1535 2050 1584 meo
2076 1547 2087 1570 ·
2113 1505 2267 1592 metilde

755 1657 923 1735 eomitiffa
940 1697 949 1716 ·
975 1652 1156 1729 willelmo
1172 1651 1316 1727 fferteth
1333 1651 1494 1725 Roberto
1511 1646 1596 1749 filije
1609 1646 1698 1720 meis
1724 1687 1735 1706 ·
1758 1642 1938 1719 Gillenem
1962 1641 2122 1741 dapifero
2134 1666 2214 1716 meo
2230 1655 2267 1715 et

755 1789 895 1876 &elifio
911 1787 984 1862 filio
1001 1787 1078 1889 ejus
1097 1765 1107 1847 ἶ
1135 1784 1301 1862 Gilberto
1318 1783 1430 1868 milite
1449 1825 1458 1842 ·
1484 1781 1669 1855 Abbreem
1686 1776 1867 1878 capellano
1886 1820 1895 1836 ·
1913 1777 2035 1851 Brieio
2056 1775 2207 1873 persona
2222 1775 2267 1849 de

757 1924 862 2003 creso
880 1964 890 1983 ·
910 1919 1145 1998 Constantino
1159 1917 1282 2019 judiee
1301 1961 1310 1978 ·
1329 1913 1496 1991 Aneehol
1512 1913 1636 1990 theino
1651 1939 1735 1988 mee
1751 1927 1790 1988 et
1806 1909 1927 1994 multis
1944 1909 2023 2010 alije
2041 1949 2051 1969 ·

762 2285 1010 2388 Confirmatio
1028 2311 1131 2412 super
1146 2311 1289 2388 ecelefia
1306 2311 1351 2388 de
1367 2308 1591 2411 maddirdyn
1607 2333 1672 2407 per
1688 2305 1713 2380 J
1731 2346 1741 2366 ·
1759 2305 1962 2404 episcopum
1978 2304 2172 2380 secundum
2192 2345 2202 2363 ·

694 2587 741 2666 70
759 2555 796 2658 J
798 2580 957 2656 ohannes
974 2577 1033 2654 dei
1049 2580 1165 2680 gratie
1181 2577 1322 2654 ecelefie
1342 2579 1609 2655 Dunkeldenfie
1628 2579 1809 2678 episeopus
1828 2576 1996 2652 vniuerfie
2012 2578 2126 2651 fauete
2148 2574 2269 2658 matris

758 2713 899 2791 ecelefie
921 2712 1004 2814 filijs
1029 2726 1190 2787 eternam
1213 2713 1251 2786 in
1277 2713 1424 2804 domino
1447 2710 1595 2786 salutem
1621 2753 1632 2772 ·
1659 2711 1783 2787 Sciant
1803 2710 1980 2809 presentes
2004 2722 2042 2784 et
2064 2706 2176 2783 futuri
2198 2733 2266 2782 noe

758 2847 950 2925 eoneeffiffe
972 2859 1009 2920 et
1031 2843 1098 2920 hae
1121 2859 1220 2920 carte
1236 2846 1354 2919 nostre.
1370 2845 1587 2920 confirmeffe
1607 2844 1645 2919 in
1661 2844 1942 2942 redemptionem
1961 2843 2079 2918 anime
2095 2845 2210 2918 nostre
2228 2854 2266 2917 et

758 2979 989 3054 sueoefforum
1014 2978 1213 3054 nostrorum
1231 2977 1315 3053 Dee
1330 2988 1369 3052 et
1384 2978 1500 3052 enee
1525 2976 1645 3059 marie
1666 2992 1704 3052 et
1728 2977 1844 3052 saneo
1869 2976 2026 3052 Johanni
2042 2975 2196 3076 apostolo
2220 2976 2265 3052 de

761 3110 882 3188 Insula
906 3110 1091 3195 oeifferum
1109 3123 1146 3184 et
1171 3149 1181 3168 ·
1204 3109 1229 3184 J
1256 3151 1265 3168 ·
1287 3107 1400 3208 priori
1420 3124 1458 3183 et
1481 3108 1649 3182 omnibus
1669 3107 1706 3180 in
1730 3108 1854 3183 eedem
1876 3106 1996 3182 Insula
2013 3108 2078 3182 sub
2097 3105 2267 3208 religione

761 3243 844 3318 Deo
855 3243 1089 3318 seruientibus
1102 3255 1139 3318 et
1156 3241 1336 3316 seruituris
1353 3240 1530 3316 eeclefiem
1548 3241 1593 3315 de
1609 3240 1864 3342 meddyrdyne
1880 3267 1962 3316 cum
1979 3241 2144 3317 omnibus
2163 3241 2267 3342 justie

760 3376 985 3478 pertinentijs
1001 3376 1070 3449 suis
1087 3376 1124 3449 in
1136 3375 1282 3451 liberam
1296 3387 1333 3451 et
1346 3388 1556 3475 perpetuam
1568 3372 1790 3451 elemofinam
1805 3375 2035 3451 ·Tenendam
2049 3378 2100 3452 ite
2109 3376 2219 3453 libere
2230 3391 2267 3452 et

762 3510 880 3611 quiete
895 3506 1053 3607 plenarie
1069 3523 1106 3583 et
1121 3508 1314 3583 honorifice
1329 3510 1417 3583 ficut
1434 3507 1553 3608 aliqua
1567 3506 1710 3583 eeclefie
1724 3508 1765 3582 in
1781 3510 1899 3584 nestro
1910 3510 2110 3609 episcopatu
2122 3508 2267 3585 liberius

761 3640 922 3743 quieciue
948 3638 1090 3739 plenius
1114 3654 1152 3715 et
1176 3638 1470 3715 honorificentius
1491 3639 1655 3741 Religiose
1684 3640 1807 3716 domui
1831 3642 2039 3717 conceditur
2060 3657 2097 3719 et
2119 3643 2268 3742 peffide·

761 3792 822 3852 tur
842 3788 879 3851 et
894 3777 982 3850 ficut
999 3788 1097 3850 carta
1117 3773 1270 3875 episcopi
1295 3770 1472 3852 Johannie
1497 3774 1745 3874 predeeefl'orie
1768 3776 1878 3851 nostri
1902 3778 2049 3852 testetur
2071 3776 2163 3852 salvo
2183 3780 2267 3877 jure

761 3906 947 4009 episcopali
968 3948 977 3966 ·
1006 3906 1090 4007 Hijs
1115 3906 1262 3981 testibus
1282 3906 1454 4008 magistro
1471 3907 1631 3983 Henrieo
1646 3907 1894 3985 archidiacono
1909 3911 2027 3985 nostro
2052 3952 2062 3970 ·
2088 3909 2267 3985 Duneeno

686 4110 694 4127 ,
761 4043 899 4118 deceno
911 4036 1077 4114 Atholie·
1091 4036 1256 4138 Eugenio
1267 4036 1393 4115 clerieo
1409 4078 1417 4097 ·
1431 4038 1470 4116 G
1481 4082 1491 4099 ·
1502 4053 1539 4115 et
1552 4039 1730 4117 Willelmo
1743 4041 1933 4145 capellanie
1944 4042 2069 4118 nostrie
2083 4085 2092 4103 ·
2106 4042 2268 4143 magistro

763 4174 922 4250 Roberto
945 4170 1071 4247 elerico
1096 4171 1213 4247 nostro
1239 4212 1248 4231 ·
1275 4169 1456 4249 Willelmo
1472 4172 1655 4251 senescallo
1670 4177 1789 4251 nostro
1813 4216 1824 4237 ·
1850 4175 2028 4261 michaele
2051 4177 2198 4276 persone
2222 4178 2268 4252 de

763 4305 930 4384 Methfen
946 4318 983 4383 et
999 4303 1118 4390 multis
1134 4302 1211 4406 alijs
1230 4348 1239 4366 ·
