5734 6700
727 876 790 939 124
1181 876 1376 940 GARTAIl
1404 876 1760 944 RECENTIORES

669 1196 710 1258 13
728 1197 981 1262 Instrumentum
995 1196 1100 1263 sasine
1115 1220 1212 1284 super
1226 1198 1338 1263 eadem
1353 1199 1463 1264 datum
1480 1200 1521 1267 17
1538 1199 1687 1266 Octobris
1696 1148 1800 1268 lhb9,

668 1552 710 1613 14
728 1556 824 1622 Carta
844 1556 1071 1622 feudifirmaria
1092 1558 1133 1621 ah
1147 1556 1331 1622 Alexandro
1352 1556 1542 1622 Atheniensi
1563 1556 1801 1644 archiepiscopo
1821 1556 2154 1644 commendatarioque
2175 1578 2248 1642 per·

726 1686 826 1762 petuo
839 1675 1023 1741 monasterii
1034 1678 1143 1742 Insule
1152 1676 1324 1742 Missamm
1339 1676 1425 1742 sacta
1436 1697 1509 1741 cum
1520 1697 1677 1742 consensu
1692 1675 1825 1763 capituli
1837 1674 1976 1743 Patricio
1988 1679 2138 1764 Murraye
2149 1697 2247 1761 super

727 1795 819 1861 terris
834 1795 1022 1883 subscriptis
1036 1796 1096 1862 viz.
1112 1795 1280 1862 duodecim
1293 1795 1443 1861 mercatis
1458 1806 1614 1862 terrarum
1629 1796 1670 1861 de
1684 1796 1716 1860 N
1717 1818 1764 1861 ew
1775 1796 1854 1861 Rau
1866 1796 1992 1883 antiqui
2006 1806 2158 1863 extentus
2171 1817 2246 1862 cum

726 1913 932 1998 pertinenciis
950 1916 1131 2000 jacentibus
1152 1915 1187 1980 in
1208 1916 1360 2002 parochia
1381 1915 1421 1980 dc
1444 1915 1609 1981 Maderdie
1631 1914 1843 2002 quodraginta
1863 1916 2008 1982 solidatis
2031 1928 2187 1982 terrarum
2206 1915 2247 1980 de

727 2035 856 2122 Thorny
871 2035 941 2100 Hill
958 2036 1038 2102 alias
1052 2035 1196 2102 Wallace
1212 2035 1288 2101 land
1311 2057 1384 2101 cum
1404 2046 1497 2122 prato
1517 2047 1551 2101 et
1570 2034 1667 2101 moris
1682 2035 1855 2102 earundem
1870 2037 1964 2102 terris
1978 2037 2019 2103 de
2035 2035 2248 2124 Wynminhill

727 2175 799 2219 cum
815 2155 961 2221 domibus
976 2166 1009 2221 et
1022 2155 1124 2221 hortis
1144 2156 1316 2221 earundem
1334 2155 1428 2221 terris
1443 2155 1483 2220 de
1499 2155 1616 2221 Warde
1632 2154 1761 2220 Todhill
1775 2166 1809 2221 et
1823 2156 1897 2242 Hay
1910 2178 2009 2242 grene
2024 2178 2097 2222 cum
2112 2155 2247 2244 singilis

725 2275 1116 2362 earundempertinencijs
1126 2276 1273 2341 bondatis
1285 2287 1322 2340 ut
1333 2275 1479 2362 sequitur
1488 2274 1548 2340 viz.
1561 2275 1645 2340 iuter
1660 2273 1781 2361 sylvam
1791 2285 1935 2341 vocatam
1946 2277 2171 2343 Inchecheviot
2184 2279 2247 2343 and

724 2395 766 2459 lie
789 2395 857 2481 peit
874 2395 943 2480 gait
961 2395 1102 2481 passand
1120 2395 1170 2460 fra
1187 2417 1226 2481 ye
1245 2405 1324 2460 west
1343 2395 1430 2459 nuke
1446 2393 1483 2458 os
1498 2415 1538 2481 ye
1553 2393 1682 2458 Todhill
1698 2404 1731 2459 to
1746 2416 1785 2481 ye
1801 2394 1876 2480 lang
1893 2396 1987 2461 medo
2001 2417 2043 2461 ex
2057 2396 2247 2464 occidentali

724 2514 858 2579 viridem
879 2516 1008 2580 hortum
1027 2515 1202 2600 vulgariter
1223 2536 1263 2601 yc
1288 2535 1386 2600 grene
1410 2512 1497 2577 aaird
1516 2511 1702 2578 ammirlane
1725 2512 1812 2579 naird
1833 2525 1867 2579 et
1889 2514 1931 2580 lie
1954 2514 2068 2601 prioris
2089 2515 2183 2582 medo
2204 2538 2245 2582 ex

725 2633 873 2698 orientali
893 2644 926 2698 ct
944 2632 986 2699 lie
1008 2656 1077 2720 pow
1098 2657 1139 2699 ex
1158 2631 1278 2698 boreali
1293 2643 1327 2697 et
1340 2632 1383 2697 lie
1398 2630 1470 2697 well
1489 2631 1572 2697 croft
1587 2643 1622 2697 et
1636 2654 1770 2699 accome
1784 2633 1874 2700 fauld
1894 2656 1936 2700 ex
1950 2635 2085 2701 australi
2098 2636 2247 2724 partibus

724 2773 787 2816 vna
801 2773 875 2817 cum
889 2763 981 2837 prato
995 2753 1093 2838 vulgo
1107 2763 1219 2817 vocato
1235 2751 1348 2838 prioris
1362 2752 1456 2816 medo
1471 2771 1510 2816 ac
1524 2750 1621 2816 etiam
1632 2751 1769 2818 diuersis
1782 2753 1931 2819 domibus
1945 2766 1979 2820 ct
1993 2754 2034 2821 lie
2045 2756 2108 2840 god
2122 2757 2246 2823 stanlris

724 2884 758 2938 et
773 2873 869 2938 etiam
885 2872 927 2939 lie
943 2874 1059 2939 breade
1072 2874 1168 2959 jnche
1180 2874 1309 2959 jacente
1323 2894 1365 2937 ex
1380 2883 1470 2958 parte
1486 2871 1608 2937 boreali
1622 2871 1709 2958 sylve
1725 2872 1765 2938 de
1780 2872 1946 2940 Incheviot
1957 2897 2019 2940 vna
2030 2897 2104 2941 cum
2116 2888 2247 2963 pastura

724 2993 908 3058 animalium
926 2993 958 3057 in
977 2993 1019 3059 lie
1037 2993 1163 3059 duobus
1178 3003 1257 3057 west
1273 2993 1386 3057 moesis
1400 2990 1583 3077 jacentibus
1599 3012 1641 3056 ex
1658 2991 1792 3057 australi
1811 3002 1845 3057 et
1861 2993 1982 3059 borcali
1997 2995 2142 3082 partibus
2162 2996 2247 3062 dicte

724 3113 812 3199 sylve
834 3114 874 3178 de
889 3113 1122 3178 luchecheviot
1147 3134 1209 3177 vna
1232 3133 1305 3177 cum
1332 3110 1498 3198 privilegio
1524 3110 1668 3176 lucrandi
1697 3122 1731 3176 et
1760 3111 1900 3177 fodiendi
1933 3113 2110 3180 octodecim
2144 3115 2247 3181 dietas

725 3243 871 3320 potarum
894 3232 953 3298 viz.
980 3235 1130 3298 aocbtens
1150 3235 1216 3317 day
1237 3234 1352 3297 workio
1367 3234 1463 3317 peitie
1485 3230 1518 3295 in
1544 3230 1638 3296 dictis
1664 3231 1822 3297 marresiis
1848 3233 2040 3320 easdemque
2067 3235 2247 3302 abducendi

726 3368 868 3441 tempore
889 3352 983 3418 solito
998 3352 1172 3418 Reddendo
1196 3401 1203 3416 .
1234 3398 1242 3414 .
1273 3398 1281 3413 .
1298 3352 1384 3415 Data
1403 3352 1464 3416 sub
1484 3350 1644 3415 communi
1663 3350 1767 3437 sigillo
1783 3352 1869 3438 apud
1889 3354 2114 3421 monasterium
2138 3355 2247 3421 Insule

726 3473 898 3539 Missurum
912 3472 993 3537 AD.
1010 3474 1051 3535 15
1069 3474 1087 3508 *
1104 3470 1121 3503 “
1136 3481 1171 3535 et
1185 3469 1366 3555 subscripta

900 3706 1083 3772 Alexander
1098 3706 1393 3771 Commendatarius
1640 3709 1779 3775 Thomas
1796 3712 1967 3793 Gardener,
1983 3715 2070 3801 prior

900 3826 1081 3892 Alexander
1096 3827 1226 3911 Murray
1641 3830 1802 3896 Robertus
1818 3832 1881 3897 Car

900 3946 1079 4013 Willelmus
1094 3945 1214 4010 Melros
1640 3947 1796 4035 Georgius
1812 3950 1916 4038 Speos

1643 4067 1770 4134 Pawlus
1787 4070 1991 4157 Ownygham.

668 4438 709 4501 15
727 4430 902 4516 Discbarge
921 4429 1023 4494 under
1046 4427 1100 4493 the
1124 4447 1270 4492 common
1288 4424 1360 4491 seill
1376 4426 1490 4512 hythe
1512 4426 1749 4493 commendator
1767 4428 1830 4493 and
1852 4440 1990 4496 consent
2011 4431 2048 4495 of
2066 4432 2247 4519 Inchaffray

725 4552 759 4615 in
773 4551 886 4615 favour
900 4548 938 4614 of
948 4547 1079 4614 Patrick
1094 4547 1225 4633 Murray
1241 4544 1457 4611 chamberlain
1472 4544 1508 4609 of
1519 4545 1574 4611 the
1589 4545 1657 4611 said
1671 4547 1776 4633 abhay
1787 4547 1836 4612 for
1850 4547 1901 4614 his
1915 4547 2154 4617 intromissioun
2169 4554 2245 4618 with

726 4670 781 4734 the
795 4668 901 4734 fruitis
915 4666 1015 4733 rantis
1029 4666 1162 4753 proffitis
1176 4665 1318 4731 dewities
1334 4664 1469 4751 jowellis
1488 4666 1551 4730 and
1565 4666 1657 4731 vther
1671 4664 1777 4751 greith
1795 4677 1973 4755 perbenyng
1991 4670 2117 4739 thairto.
2163 4674 2245 4740 Sub-

727 4787 1255 4855 scrivitat......A.D.15**
2155 4811 2159 4815 ·
