5734 6700
769 667 817 740 26
1362 655 1684 736 REGISTRUM

766 894 916 970 firmafl‘e
932 893 1000 969 deo
1023 907 1059 969 et
1081 892 1222 968 eoolelie
1242 891 1347 968 saneti
1369 891 1394 966 J
1395 889 1545 966 ohannis
1560 888 1706 990 apostoli
1722 903 1760 964 et
1774 887 1987 990 euangelista
2010 888 2056 964 de
2079 889 2286 966 Iuobaffiin

767 1043 803 1103 et
826 1027 1004 1102 canonicis
1026 1027 1158 1102 ibidem
1178 1027 1246 1102 deo
1271 1023 1502 1100 semientibus
1523 1037 1561 1098 et
1579 1022 1758 1098 sentituris
1778 1037 1891 1098 totam
1910 1036 2041 1098 terram
2063 1025 2110 1101 de
2129 1024 2285 1101 Arden-

766 1185 848 1260 gam
872 1184 937 1259 per
953 1160 1064 1234 retias
1081 1158 1207 1234 diuisas
1223 1158 1301 1232 sues
1318 1171 1454 1232 etcum
1472 1155 1637 1231 omnibus
1655 1153 1759 1254 justis
1781 1155 2005 1256 pertinentiis
2022 1156 2091 1230 suis
2108 1171 2282 1234 ettotam

768 1307 899 1368 terram
919 1291 965 1367 de
981 1290 1247 1368 Achinlouxioh
1266 1316 1331 1393 per
1350 1291 1462 1365 reolus
1482 1288 1610 1364 diuisae
1632 1289 1710 1362 suas
1732 1302 1769 1364 et
1792 1315 1875 1362 eum
1891 1290 2056 1364 omnibus
2071 1291 2174 1390 justis
2190 1317 2280 1392 per-

767 1425 925 1501 tinentiis
948 1425 1017 1498 suis
1039 1438 1210 1500 ettotam
1232 1438 1365 1500 terram
1386 1423 1432 1498 de
1455 1420 1648 1496 Dubinder
1670 1447 1735 1520 per
1755 1424 1867 1498 retias
1887 1423 2014 1497 diuisas
2036 1423 2115 1499 suas
2134 1439 2280 1500 etcum

767 1557 932 1635 omuibus
952 1558 1056 1658 justis
1077 1555 1301 1658 pertinentiis
1321 1569 1490 1630 ettotam
1510 1570 1642 1657 terram
1658 1553 1754 1630 illam
1771 1581 1840 1655 que
1856 1555 2069 1639 maobrauin
2087 1584 2157 1657 que
2178 1559 2278 1633 anti.

767 1691 887 1790 quitus
911 1689 1075 1764 Abbaeie
1098 1690 1290 1764 vocabatur
1319 1714 1384 1789 per
1413 1689 1524 1763 renas
1549 1687 1676 1762 diuisas
1700 1687 1778 1762 fuas
1808 1701 1953 1762 etcum
1977 1690 2143 1763 omnibus
2168 1692 2276 1790 justis

767 1823 991 1924 pertiuentiis
1006 1823 1075 1898 suis
1094 1865 1102 1882 ·
1120 1821 1312 1896 Teneudes
1332 1821 1370 1896 iu
1389 1820 1538 1896 liberam
1558 1845 1686 1921 puram
1705 1833 1743 1896 et
1761 1833 1972 1921 perpetuam
1998 1820 2212 1897 elimosinam
2234 1825 2275 1901 in

766 1957 868 2032 bosen
885 1971 922 2032 et
938 1955 1044 2056 plano
1062 1956 1099 2030 iu
1116 1955 1218 2030 terris
1235 1969 1272 2031 et
1291 1955 1392 2055 aquis
1409 1955 1448 2028 iu
1465 1953 1579 2052 pratis
1595 1967 1632 2028 et
1648 1953 1785 2054 pascuis
1802 1954 1841 2028 in
1856 1955 1965 2029 moris
1981 1969 2018 2031 et
2038 1957 2210 2032 marroliis
2232 1959 2272 2032 in

765 2089 911 2190 petariis
928 2104 965 2164 et
981 2088 1123 2162 vinariis
1140 2089 1179 2162 in
1194 2087 1325 2189 stagnis
1346 2100 1383 2162 et
1403 2084 1616 2161 molendinis
1634 2101 1671 2161 et
1691 2086 1856 2161 omnibus
1872 2087 1949 2163 aliis
1966 2089 2070 2188 juliis
2086 2090 2274 2190 pertinen„

764 2221 823 2298 tiis
841 2221 909 2296 suis
927 2235 1062 2296 etcum
1080 2221 1246 2296 omnibus
1262 2218 1340 2294 aliis
1358 2218 1571 2293 affiamentis
1591 2219 1639 2292 ad
1658 2220 1831 2319 predittas
1850 2235 1960 2295 terras
1975 2223 2069 2321 juste
2086 2225 2274 2324 pertinen.

764 2355 859 2430 tibus
881 2353 990 2430 libere
1012 2367 1048 2430 et
1065 2354 1185 2454 quiete
1207 2352 1365 2454 plenarie
1389 2365 1426 2426 et
1447 2351 1643 2427 honorifice
1664 2353 1710 2428 ab
1734 2353 1832 2428 omni
1855 2353 1987 2430 auxilio
2007 2369 2045 2430 et
2065 2357 2210 2432 femieio
2233 2374 2273 2436 et

765 2489 1018 2564 cousuetudine
1041 2504 1078 2564 et
1101 2485 1246 2564 seculari
1269 2486 1451 2562 exablione
1478 2525 1487 2546 ·
1515 2485 1638 2573 Quare
1664 2484 1744 2561 volo
1765 2501 1805 2562 vt
1826 2487 1975 2584 predibli
2001 2491 2162 2566 canonici
2183 2517 2270 2592 pre-

764 2622 873 2698 dieas
890 2637 1001 2696 terras
1024 2647 1088 2724 per
1109 2623 1222 2698 retias
1239 2620 1365 2694 diuisas
1387 2621 1466 2694 suas
1488 2633 1627 2694 etcum
1650 2620 1814 2695 omnibus
1833 2621 1939 2722 justis
1960 2623 2184 2723 pertinentiis
2199 2627 2269 2702 suis

763 2755 814 2829 ita
835 2753 945 2830 libere
962 2769 998 2830 et
1021 2753 1140 2852 quiete
1162 2753 1319 2854 plenarie
1341 2767 1380 2828 et
1402 2751 1597 2828 honorifice
1619 2753 1658 2827 in
1673 2751 1823 2856 liberam
1844 2768 1881 2830 et
1901 2755 2059 2854 quietam
2081 2771 2118 2832 et
2140 2785 2268 2858 puram

763 2901 800 2960 et
822 2901 1032 2986 perpetuam
1055 2884 1277 2961 elemosinam
1300 2884 1515 2960 habeantet
1539 2886 1734 2986 poilideant
1759 2888 1846 2962 ficut
1871 2887 1991 2988 aliqua
2016 2889 2203 2967 elemosina
2228 2894 2267 2966 in

762 3044 874 3118 regno
893 3017 1013 3093 Scotie
1030 3019 1075 3092 de
1092 3017 1209 3118 aliquo
1232 3019 1362 3093 comite
1378 3018 1524 3094 liberius
1540 3034 1578 3095 et
1594 3020 1753 3119 quieoius
1768 3020 1908 3123 plenius
1925 3036 1962 3098 et
1978 3022 2266 3102 honorificentius

762 3164 907 3226 tenetur
931 3167 968 3226 et
991 3151 1183 3249 pollidetur
1209 3193 1217 3214 ·
1246 3151 1328 3224 Hiis
1353 3151 1499 3226 testibus
1524 3151 1681 3227 Jonatha
1705 3154 1871 3253 episeopo
1894 3154 2141 3233 Dunblanenfi
2164 3162 2265 3245 ιω·

763 3281 931 3357 eomitissa
960 3281 1006 3357 de
1035 3281 1249 3384 Stratheryn
1277 3323 1286 3344 ·
1318 3281 1456 3368 molitio
1481 3283 1590 3360 fratre
1616 3285 1755 3361 comitis
1786 3327 1795 3345 ·
1825 3286 1974 3363 Ferteth
1999 3289 2072 3367 filio
2099 3293 2264 3370 eomitis-

763 3414 917 3499 oeatilda
932 3414 1006 3490 filia
1022 3416 1160 3491 comitis
1185 3460 1193 3477 ·
1216 3417 1241 3492 J
1241 3416 1380 3492 ohanne
1397 3416 1643 3494 archidiacono
1665 3462 1675 3481 ·
1700 3418 1885 3495 Abbraam
1900 3422 2082 3523 capellano
2099 3427 2237 3503 comitis
2256 3472 2264 3489 ·

764 3546 1029 3625 Gillmanenioh
1048 3549 1207 3651 dapifero
1230 3550 1369 3624 comitis
1396 3590 1405 3611 ·
1431 3550 1571 3633 alalifio
1590 3551 1664 3625 filio
1684 3552 1745 3626 suo
1771 3591 1781 3612 ·
1808 3552 1972 3631 Gilberto
1991 3557 2081 3633 sosio
2098 3560 2264 3635 comitis.

764 3681 996 3758 Constantino
1029 3682 1152 3784 judice
1190 3723 1200 3747 ·
1240 3682 1424 3759 Gillebrek
1458 3681 1633 3759 Anaoholl
1668 3684 1714 3758 de
1748 3684 1891 3786 Dunyu
1930 3730 1939 3747 ·
1977 3688 2159 3769 Duumno
2192 3694 2265 3769 filio

762 3813 891 3899 maliti
915 3858 923 3879 ·

765 4190 1010 4293 Confirmatio
1027 4218 1165 4294 comitis
1181 4217 1310 4303 maliti
1325 4220 1428 4322 super
1444 4220 1548 4296 donis
1564 4221 1844 4323 predeeefl'orum
1859 4223 2001 4299 suorum
2019 4264 2030 4289 ο

695 4492 744 4563 25
764 4452 955 4557 Omnibus
981 4483 1048 4559 hoo
1072 4484 1241 4587 seriptum
1261 4486 1384 4565 visuris
1409 4489 1465 4565 vel
1491 4492 1663 4566 audituris
1689 4534 1699 4553 ·
1726 4494 1802 4576 oe·
1828 4518 1946 4570 eomes
1973 4494 2020 4569 de
2046 4494 2261 4599 Stratheryn

759 4608 905 4685 salutem
940 4654 948 4673 ·
991 4613 1146 4691 Nouerit
1174 4618 1379 4694 vniuerfitas
1412 4622 1525 4695 vestra
1556 4621 1653 4720 quod
1687 4648 1769 4696 oum
1803 4650 1868 4698 nos
1902 4638 1939 4699 et
1971 4624 2120 4702 heredes
2152 4629 2262 4703 nostri

760 4756 923 4817 tenemur
943 4770 988 4820 ex
1007 4745 1102 4824 dono
1124 4750 1253 4825 nobilis
1273 4750 1340 4825 viri
1361 4748 1516 4827 Gilbertl
1533 4754 1594 4827 eui
1613 4754 1720 4830 nostri
1739 4768 1777 4831 et
1796 4756 1904 4831 etiam
1924 4782 1969 4832 ex
1989 4758 2258 4838 oonfirmatione
