5734 6700
1076 703 1154 778 DE
1182 701 1585 780 INCHAFFERY.

577 1043 798 1144 Retifieetio
814 1067 917 1166 super
934 1065 1055 1142 Terris
1072 1065 1118 1142 de
1135 1066 1297 1168 Duniue
1315 1109 1324 1128 ·

509 1347 557 1417 23
575 1313 772 1416 Robertus
794 1337 1011 1416 senescallus
1037 1335 1158 1414 Scotie
1178 1363 1298 1414 comes
1319 1336 1364 1413 de
1389 1337 1606 1440 StretherYn
1626 1339 1805 1416 Omnibus
1824 1343 1930 1425 ‹neris
1949 1344 2018 1420 suis
2035 1346 2082 1422 de

572 1472 713 1573 Dnnyn
731 1473 935 1572 quicunque
956 1471 1089 1546 fixerint
1109 1496 1175 1571 pro
1199 1485 1358 1570 tempore
1379 1470 1528 1547 salutem
1546 1512 1557 1534 .
1575 1472 1660 1571 quie
1680 1473 1720 1547 in
1735 1475 1835 1549 curis
1849 1477 1966 1551 nostre
1982 1491 2082 1556 tenta

571 1605 669 1706 apud
686 1605 789 1682 Oreff
800 1619 927 1682 octeno
944 1604 1002 1680 die
1019 1606 1143 1688 utensis
1155 1603 1247 1687 mcii
1264 1629 1359 1678 enno
1375 1603 1512 1678 domini
1528 1603 1706 1688 millesimo
1722 1615 1820 1682 ecc¹¹⁸⁰
1833 1608 2081 1710 quinquagesi.

571 1763 630 1812 mo
647 1739 771 1814 ooauo
787 1739 865 1812 visis
882 1751 919 1814 et
936 1736 1088 1838 cognitis
1105 1737 1210 1812 certis
1228 1749 1264 1812 et
1280 1735 1524 1811 monumentis
1540 1761 1615 1810 non
1632 1736 1772 1813 abolitis
1788 1765 1862 1815 non
1879 1741 2080 1818 cancellatis

571 1895 637 1944 neo
653 1869 691 1942 in
708 1870 828 1969 alique
847 1869 899 1944 sui
920 1883 1022 1968 purte
1039 1869 1176 1944 viciatis
1197 1866 1439 1968 religiosorum
1457 1866 1612 1942 virorum
1634 1867 1861 1946 dominorum
1882 1872 2020 1949 obbatis
2042 1887 2079 1948 et

570 2015 768 2078 conuentus
790 2002 837 2076 de
861 1999 980 2075 Insula
1001 1999 1187 2080 asinarum
1210 1999 1256 2073 de
1280 2024 1400 2074 annuo
1422 1998 1567 2074 redditu
1589 1998 1651 2076 suo
1671 2001 1906 2104 quodraginta
1927 2004 2080 2082 duarum

569 2159 764 2218 aureorum
793 2135 839 2210 de
864 2133 1033 2234 thunagio
1062 2134 1108 2209 de
1138 2131 1267 2207 Dunin
1296 2158 1342 2206 ex
1372 2130 1526 2231 prouida
1554 2130 1809 2212 deliberatione
1834 2137 1921 2211 boni
1946 2137 2078 2212 consilii

569 2267 678 2343 nostri
710 2269 841 2344 statum
874 2281 911 2342 et
944 2267 1184 2368 possessionem
1219 2263 1369 2366 prodisti
1401 2264 1513 2340 annui
1546 2265 1709 2342 redditus
1746 2267 1876 2344 eisdem
1907 2269 2077 2370 religiosis

569 2399 716 2475 caritate
736 2399 899 2474 dedimus
921 2414 958 2474 et
977 2400 1205 2475 concessimus
1225 2398 1285 2473 suo
1308 2410 1484 2498 perpetuo
1505 2397 1734 2498 percipiendo
1756 2417 1864 2502 prout
1878 2403 2077 2503 antiquitus

568 2533 749 2635 percipere
771 2535 1031 2610 consonuerunt
1054 2575 1063 2592 ·
1087 2532 1187 2607 vobis
1210 2545 1247 2608 et
1272 2528 1417 2606 cuilibet
1440 2530 1593 2604 restrum
1613 2531 1678 2630 qui
1698 2558 1764 2634 pro
1786 2549 1946 2634 ternpore
1969 2537 2076 2615 suerit

567 2666 716 2742 firmiter
731 2666 960 2767 precipiendo
975 2665 1187 2740 mandemus
1200 2677 1375 2763 quotenus
1387 2662 1554 2739 smmodo
1566 2664 1703 2762 semper
1717 2665 1756 2740 in
1771 2665 1933 2742 futurum
1945 2668 2075 2746 eisdem

566 2798 732 2898 religiosis
748 2797 950 2899 responderi
964 2797 1103 2873 secutis
1126 2812 1164 2872 et
1179 2793 1345 2872 deseruiri
1365 2794 1559 2870 secundum
1581 2796 1766 2895 antiquam
1782 2798 2075 2878 consuetudinem

566 2931 614 3006 sd
625 2934 796 3008 terminos
807 2932 941 3008 usuales
957 2945 995 3007 et
1012 2945 1176 3006 tenentes
1193 2929 1280 3004 diei
1297 2927 1459 3029 thsnagii
1472 2927 1519 3002 od
1535 2926 1745 3006 solutionem
1761 2932 1892 3031 pressti
1908 2933 2074 3010 redditus

566 3062 679 3138 sunni
699 3089 765 3165 pro
783 3063 845 3138 sna
867 3075 967 3161 perte
987 3062 1081 3162 ipsos
1099 3061 1330 3160 contingente
1348 3059 1502 3134 distrisse
1519 3058 1740 3159 compelletis
1755 3063 1802 3137 sic
1818 3087 1888 3161 qne
1903 3063 2074 3142 facientes
2238 3041 2242 3050 ¹

563 3197 603 3270 in
624 3197 794 3296 premissis
817 3222 863 3270 no
882 3221 948 3296 pro
969 3194 1107 3270 desestu
1129 3193 1244 3268 vestro
1263 3192 1394 3291 justam
1418 3191 1685 3290 queremouiom
1707 3193 1863 3294 amplius
1884 3195 2073 3274 audiamus

564 3330 628 3406 sub
662 3356 756 3429 pena
788 3355 857 3430 que
890 3327 1065 3429 competit
1099 3368 1108 3387 ·
1152 3325 1198 3399 In
1234 3325 1336 3424 cnjus
1368 3321 1421 3399 rei
1454 3321 1698 3401 testimonium
1729 3323 1880 3426 tigillum
1912 3328 2071 3406 nostrum

563 3462 785 3559 presentibus
811 3459 946 3561 epponi
971 3458 1121 3535 fecimus
1148 3456 1248 3558 opud
1276 3454 1443 3539 methfen
1468 3453 1533 3554 xiij
1561 3454 1622 3532 die
1649 3458 1775 3538 oenfis
1800 3458 1949 3558 prodisti
1974 3485 2070 3537 anno

564 3590 763 3692 capnios
782 3632 791 3651 ·

570 3966 692 4067 Care
709 3986 864 4065 ensem
889 3985 1027 4061 comus
1051 3982 1098 4059 ee
1121 3982 1224 4059 serus
1249 3983 1295 4058 ue
1318 3982 1542 4082 Ardeam
1562 4000 1601 4064 e
1622 3983 1832 4061 senones
1859 4026 1867 4048 .
1892 3985 2069 4066 senune

566 4119 779 4205 maohrmiu
795 4118 888 4192 susis
903 4114 1083 4191 canonicis
1102 4156 1111 4173 ·

500 4398 547 4469 24
569 4358 765 4459 Gilbertus
787 4404 906 4455 eomes
924 4379 969 4455 de
993 4377 1206 4477 Strutheryn
1229 4377 1393 4452 omnibus
1413 4376 1537 4454 amieis
1558 4392 1595 4453 et
1616 4376 1821 4453 hominibus
1841 4380 1910 4483 suis
1932 4380 2066 4457 clericis

563 4526 601 4589 st
616 4510 713 4587 lsids
729 4508 874 4585 sulutem
895 4508 1022 4585 Sciant
1038 4508 1215 4610 presentes
1236 4520 1273 4585 et
1292 4506 1404 4586 futui
1423 4533 1483 4585 me
1504 4507 1647 4608 pietatis
1668 4508 1801 4587 intuitu
1816 4523 1853 4587 et
1873 4536 1941 4611 pro
1956 4511 2066 4592 salute

561 4644 681 4721 enimc
700 4666 781 4717 mee
794 4654 834 4715 ot
857 4638 1019 4723 wasloio
1036 4637 1204 4715 comitisse
1219 4638 1267 4715 de
1288 4636 1505 4739 Strutherin
1520 4640 1640 4717 uxoris
1659 4665 1740 4715 mee
1755 4653 1793 4721 et
1810 4642 1921 4741 petris
1941 4644 2013 4723 mei
2028 4658 2066 4721 et

561 4774 686 4859 rmtris
701 4798 781 4849 mee
798 4784 835 4847 et
851 4770 1022 4849 heredum
1040 4794 1201 4846 meorum
1218 4766 1349 4847 dedisse
1369 4781 1406 4845 et
1422 4769 1669 4850 concessisset
1687 4768 1757 4848 hue
1770 4784 1869 4849 orto
1883 4798 1962 4852 mes
1978 4798 2066 4855 con.

1741 4922 1767 4973 n
