5734 6700
1052 750 1132 826 DE
1165 751 1566 829 INOHAFFERY.
2021 757 2067 836 17

555 997 627 1058 tres
649 1007 783 1066 marcas
807 983 852 1060 de
872 983 1013 1084 Dunyn
1034 997 1071 1060 et
1092 983 1251 1084 quinque
1273 1009 1407 1068 mareas
1431 984 1478 1060 de
1501 984 1656 1060 Petearu
1681 998 1718 1058 et
1740 983 1787 1058 ad
1809 984 1936 1060 festum
1958 984 2068 1061 lentii

554 1115 653 1192 Petri
669 1114 766 1215 quod
783 1115 915 1192 dieitur
930 1115 1121 1192 aduinoula
1136 1117 1340 1217 proximum
1355 1117 1505 1218 sequens
1515 1130 1669 1216 quatuor
1679 1141 1817 1192 mareas
1833 1117 1879 1193 de
1895 1116 2066 1219 thauagio

553 1247 600 1322 do
619 1248 782 1350 Dunyns
805 1275 875 1349 que
903 1249 1006 1324 nobis
1028 1275 1094 1351 pro
1120 1249 1272 1326 frenellis
1296 1249 1373 1324 dari
1396 1250 1657 1326 consueuerunt
1679 1263 1716 1324 et
1738 1248 1785 1323 ad
1806 1248 1933 1325 festum
1958 1249 2066 1324 santii

552 1379 704 1462 martini
731 1381 769 1454 in
796 1407 901 1480 ysme
928 1393 1000 1456 tres
1025 1405 1160 1464 marcas
1185 1380 1230 1456 ds
1254 1379 1418 1482 Dunyns
1443 1395 1481 1456 et
1506 1381 1663 1482 quinque
1687 1408 1822 1461 marens
1843 1381 1889 1455 de
1906 1381 2067 1456 Petkam

552 1527 673 1614 preter
704 1512 833 1614 viginti
865 1538 1001 1597 mareas
1035 1539 1123 1613 quas
1155 1513 1303 1615 predidti
1335 1509 1403 1588 riri
1433 1513 1586 1614 religiosi
1619 1515 1719 1615 prius
1752 1514 1986 1616 optinuerunt
2019 1514 2065 1589 de

553 1643 696 1746 Dunyn
716 1671 763 1720 ex
785 1645 880 1721 dono
902 1644 1030 1729 malini
1051 1646 1231 1745 qnondam
1253 1647 1346 1720 bone
1369 1644 1539 1721 memorie
1561 1646 1673 1746 patris
1693 1646 1802 1721 nostri
1818 1647 2010 1723 Tenendas
2029 1660 2066 1720 et

553 1777 734 1852 habendas
751 1776 925 1878 preditus
944 1776 1071 1877 viginti
1093 1803 1230 1852 mareas
1253 1802 1389 1852 annuas
1409 1776 1449 1852 in
1468 1775 1636 1878 prodistis
1654 1775 1742 1852 locis
1761 1776 2008 1878 percipiendas
2028 1791 2067 1850 vt

553 1909 752 2011 preditium
768 1912 818 1985 eil
835 1909 881 1984 de
898 1909 1000 1984 nobis
1018 1923 1054 1984 et
1070 1908 1260 1984 heredibus
1278 1908 1403 1984 nostris
1419 1910 1479 1985 seu
1495 1909 1671 2010 affiguatis
1687 1908 1751 1983 libi
1768 1923 1804 1984 et
1821 1908 2068 1984 suocefforibus

554 2043 622 2118 suis
638 2041 730 2119 bene
747 2044 785 2117 in
801 2070 889 2144 paee
908 2043 959 2118 ita
974 2043 1085 2118 libere
1097 2042 1216 2143 quiete
1233 2042 1391 2144 plenarie
1405 2059 1443 2120 et
1454 2042 1649 2139 honorifice
1662 2042 1750 2117 fient
1764 2041 1892 2142 aliquis
1907 2041 2069 2118 redditus

553 2173 734 2274 abaliquo
751 2175 881 2250 comite
895 2174 953 2250 rel
976 2176 1109 2250 barone
1126 2174 1165 2248 in
1181 2201 1292 2276 regno
1311 2174 1432 2251 Scotie
1447 2175 1624 2276 aliquibus
1640 2173 1723 2247 viris
1739 2173 1907 2275 religiosis
1922 2173 2067 2248 liberius

554 2305 709 2407 quietius
732 2305 873 2408 plenius
896 2319 933 2382 et
954 2305 1247 2382 honorificentius
1270 2306 1308 2382 in
1329 2305 1479 2383 liberam
1495 2332 1625 2408 puram
1648 2321 1684 2382 et
1705 2320 1917 2406 perpetuam
1936 2304 2069 2381 elemo-

555 2439 667 2513 linsm
684 2437 761 2512 dari
777 2437 909 2538 poterit
925 2451 962 2513 et
978 2438 1024 2512 ab
1041 2437 1122 2538 iplis
1143 2437 1258 2513 teneri
1281 2453 1318 2516 et
1340 2439 1503 2539 poffidori
1531 2481 1541 2498 ·
1570 2439 1709 2515 Ceteris
1732 2438 1841 2514 etiam
1857 2437 2015 2513 articulis
2031 2453 2069 2514 et

555 2569 809 2646 donationibus
838 2569 1005 2645 omnibus
1035 2585 1072 2646 et
1099 2569 1244 2672 lingulis
1273 2569 1351 2644 aliis
1380 2569 1420 2642 in
1451 2570 1559 2645 sartis
1587 2570 1682 2646 bone
1710 2569 1881 2645 memorie
1912 2568 2069 2645 Gilberti

554 2704 681 2807 proaui
697 2705 806 2780 nostri
822 2717 859 2779 et
881 2703 1016 2805 (Ilalioij
1036 2705 1146 2806 patris
1166 2705 1274 2780 nostri
1291 2703 1474 2805 quondam
1490 2703 1662 2779 uomitum
1678 2704 1725 2778 de
1746 2702 1961 2804 Stratberyu
1979 2729 2067 2780 oon-

556 2837 665 2914 tentis
693 2849 888 2937 augmenta
917 2849 955 2913 et
983 2835 1205 2912 incrementa
1237 2863 1311 2912 non
1345 2836 1576 2938 tangentibus
1603 2836 1665 2911 suo
1693 2836 1821 2910 robore
1849 2834 2065 2910 duraturis·

554 2971 635 3046 Nos
663 2997 744 3047 vero
771 2985 808 3046 et
834 2969 982 3046 heredes
1011 2969 1119 3045 nostri
1149 2983 1185 3044 et
1214 2969 1374 3071 affignati
1406 2969 1583 3071 preditias
1612 2968 1740 3070 viginti
1767 2993 1902 3052 mareas
1930 2969 2068 3070 prelato

555 3105 764 3182 monasterio
787 3119 823 3181 et
843 3105 1022 3184 canonicis
1045 3103 1212 3206 prodistis
1229 3105 1316 3180 ficut
1331 3105 1531 3205 preditium
1552 3105 1603 3180 est
1619 3117 1745 3180 eontra
1766 3128 1890 3178 omnes
1906 3101 2069 3177 homines

556 3253 593 3316 et
614 3238 764 3316 feminas
786 3237 1097 3314 warantizabimus
1127 3237 1407 3340 acquietabimus
1437 3253 1474 3314 et
1501 3238 1770 3339 imperpetuum
1799 3236 2031 3312 defendemus
2058 3277 2068 3298 ·

555 3371 605 3448 Et
624 3385 667 3447 ut
687 3371 755 3447 beo
778 3372 896 3447 nostra
911 3372 1057 3455 donatio
1075 3372 1244 3447 eoneeffio
1261 3385 1297 3447 et
1314 3372 1486 3473 presentis
1501 3384 1599 3447 carte
1613 3370 1730 3445 nostre
1746 3368 1968 3445 confirmatio
1985 3396 2070 3470 per-

555 3518 664 3609 petue
691 3504 870 3581 firmitatis
899 3504 1005 3579 robor
1034 3504 1220 3604 optineant
1248 3504 1392 3605 pressus
1416 3502 1587 3605 seriptum
1611 3501 1713 3602 tigilli
1737 3502 1846 3577 nostri
1869 3501 2068 3578 munimine

554 3638 826 3715 roboranimus·
855 3638 938 3712 Hiis
968 3638 1115 3713 testibus
1144 3637 1338 3713 venerabili
1366 3652 1468 3737 patre
1497 3637 1645 3712 domino
1674 3636 1835 3713 Roberto
1865 3635 1924 3711 dei
1952 3636 2068 3738 gratia

555 3771 716 3873 episeopo
724 3769 1166 3871 Dunblsuenli·roagistro
1179 3769 1322 3846 Thema
1333 3770 1490 3868 ejusdem
1499 3769 1569 3845 looi
1578 3767 1910 3868 decano-magistro
1920 3767 2066 3869 Augus-

554 3904 631 3980 tino
646 3900 891 3978 Duublanenli
906 3900 1181 3979 archidiacono·
1208 3902 1353 3979 domino
1373 3901 1476 3978 Bsda
1496 3915 1634 3978 restore
1659 3900 1801 3977 eoolefie
1826 3900 1872 3973 de
1895 3899 2064 3999 muyhe·

555 4004 860 4111 dominoPatrieio
871 4034 917 4111 de
929 4034 1064 4111 Grame
1079 4035 1244 4111 domino
1255 4034 1421 4111 Johsuns
1432 4034 1478 4113 ds
1489 4032 1698 4135 Strenyllyn
1708 4073 1718 4094 ·
1730 4034 1876 4109 domiuo
1885 4030 2066 4107 Willelmo

555 4170 601 4245 de
617 4169 784 4251 mortuis
800 4167 873 4243 lilio
891 4168 1027 4245 domiui
1043 4168 1227 4253 malcolmi
1244 4169 1290 4245 de
1306 4168 1476 4249 mosania
1492 4168 1662 4248 militibus
1680 4209 1690 4234 ο
1709 4183 1746 4243 et
1762 4166 1885 4243 multis
1899 4165 1977 4241 aliis
1995 4208 2005 4227 ·
