5734 6700
790 801 839 872 68
1365 787 1725 867 REGISTRUM

792 1037 830 1104 et
852 1024 1026 1102 elameum
1050 1024 1147 1124 qnod
1167 1022 1281 1100 habeo
1304 1023 1344 1098 in
1368 1023 1496 1099 eodem
1519 1021 1687 1099 Johanne
1705 1019 1763 1097 rel
1785 1019 1884 1120 prole
1905 1022 1952 1096 ab
1974 1019 2047 1120 ipio
2069 1019 2229 1094 suscitata
2243 1017 2301 1092 vel

790 1159 924 1235 habere
946 1172 1070 1256 potero
1093 1170 1156 1231 aut
1180 1154 1329 1231 heredes
1349 1154 1421 1228 mei
1446 1154 1664 1253 imposterim
1682 1153 1816 1228 habere
1840 1166 2012 1250 poterunt
2037 1191 2048 1212 ·
2073 1149 2246 1252 prohibeo
2262 1163 2300 1224 et

792 1293 959 1370 omnibus
984 1289 1189 1364 homiuibus
1214 1286 1304 1362 mein
1324 1312 1371 1361 ne
1398 1285 1526 1384 aliquis
1545 1311 1670 1360 eorum
1690 1283 1783 1358 dieto
1807 1284 1833 1360 J
1834 1283 1967 1359 ohauni
1990 1281 2048 1358 rel
2069 1281 2175 1358 alicui
2192 1279 2302 1380 prolia

790 1427 849 1502 sue
873 1423 1068 1498 molestiam
1090 1435 1153 1496 aut
1175 1445 1370 1520 grauameu
1387 1432 1450 1494 aut
1469 1415 1614 1518 aliquod
1636 1417 1932 1516 impedimentum
1947 1416 2078 1492 inferre
2093 1415 2270 1516 presumat
2289 1452 2299 1471 ·

792 1559 838 1632 Iu
865 1560 966 1657 eujus
993 1556 1045 1632 rei
1072 1551 1313 1630 testimonium
1342 1551 1498 1650 presenti
1526 1551 1652 1650 scripto
1677 1549 1831 1651 {igilium
1852 1577 1973 1625 meum
1999 1549 2143 1649 apposui
2168 1591 2177 1608 ·
2201 1545 2302 1621 Data

790 1716 885 1765 anno
903 1688 1038 1764 domini
1050 1684 1228 1770 millesimo
1245 1693 1323 1758 002⁰
1338 1681 1389 1756 1ιΙιο
1406 1685 1530 1758 oetam
1546 1683 1611 1783 vij⁰
1627 1682 1709 1757 idus
1725 1681 1816 1781 maij
1834 1681 2022 1758 ·Testibua
2035 1681 2180 1756 domino
2192 1680 2301 1753 Petro

791 1821 909 1921 priore
927 1820 972 1894 de
992 1819 1110 1893 Scona
1128 1860 1138 1877 ·
1157 1814 1322 1892 Gilberto
1340 1815 1450 1889 fratre
1467 1841 1548 1888 men
1566 1853 1576 1876 ·
1595 1813 1761 1889 Gilberto
1777 1814 1824 1888 de
1840 1814 2006 1896 oeorauia
2031 1854 2040 1872 ·
2061 1811 2240 1887 Willelmo
2255 1811 2302 1886 de

791 1956 964 2031 Louetoft
982 1997 991 2014 ·
1009 1955 1147 2038 malifio
1162 1955 1236 2030 filio
1253 1955 1393 2030 Aneeol
1411 1995 1421 2016 ·
1439 1954 1559 2029 Alano
1575 1954 1764 2037 mariscallo
1780 1967 1818 2028 et
1834 1953 1957 2028 multis
1974 1953 2054 2054 alije
2074 1997 2082 2012 ·

796 2323 917 2427 Carta
933 2348 979 2425 de
996 2374 1065 2422 vno
1083 2347 1172 2423 tofto
1190 2361 1226 2423 et
1243 2347 1357 2423 tribus
1375 2349 1468 2422 aeria
1485 2348 1523 2422 iu
1542 2347 1746 2450 Kyntoehir
1766 2390 1774 2409 ·

727 2611 775 2686 59
793 2586 993 2688 Robertus
1010 2637 1128 2688 eomes
1145 2611 1191 2686 de
1210 2609 1425 2712 Stratheryn
1443 2611 1608 2687 omnibus
1627 2611 1696 2687 hoc
1715 2610 1884 2711 seriptum
1903 2611 2026 2686 visuris
2048 2609 2105 2687 rel
2129 2612 2304 2687 audituris

791 2744 939 2822 salutem
976 2788 985 2805 ·
1026 2745 1184 2820 Nouerit
1218 2744 1425 2820 vniuerfitae
1458 2748 1572 2820 restra
1603 2771 1663 2820 me
1696 2745 1890 2820 coneeffifl'e
1923 2759 1961 2820 et
1992 2744 2062 2820 hae
2093 2771 2174 2820 mea
2205 2758 2305 2819 carta

792 2880 1009 2956 eoufirmaffe
1033 2881 1116 2954 Deo
1138 2893 1176 2953 et
1201 2879 1304 2954 beate
1331 2879 1448 2963 marie
1473 2893 1510 2954 et
1534 2880 1642 2953 beato
1667 2877 1826 2954 Johanni
1849 2876 2004 2974 apostolo
2030 2890 2068 2952 et
2092 2875 2304 2976 euangelista

793 3026 830 3090 et
846 3014 965 3089 abbati
982 3027 1019 3088 et
1035 3012 1229 3088 conuentui
1246 3012 1291 3086 de
1309 3011 1428 3086 Insula
1444 3013 1629 3095 miffarum
1645 3011 1722 3085 illan
1737 3011 1798 3084 sex
1810 3035 1908 3085 aeras
1925 3021 2021 3085 terre
2033 3037 2122 3109 quas
2139 3008 2305 3110 Nigellus

794 3147 840 3221 de
860 3144 988 3220 Lutoft
1010 3145 1061 3218 eis
1082 3144 1181 3220 dedit
1201 3145 1239 3218 in
1260 3143 1436 3219 territorio
1453 3144 1499 3218 de
1518 3143 1737 3245 Dolpatryik
1756 3158 1793 3219 et
1814 3143 1903 3218 illud
1923 3143 2055 3220 toftum
2075 3142 2208 3218 atilius
2233 3157 2306 3218 trea

793 3300 892 3352 acras
932 3289 1025 3350 terre
1058 3301 1148 3373 quas
1184 3274 1364 3351 Henrieus
1398 3273 1493 3349 filius
1528 3275 1708 3350 Trestram
1745 3275 1845 3351 dedit
1881 3276 1933 3352 eie
1974 3277 2013 3350 in
2051 3273 2134 3350 villa
2166 3277 2227 3351 sua
2260 3275 2306 3351 de

795 3408 997 3508 Kyntoehir
1020 3434 1101 3481 num
1121 3407 1301 3482 communi
1321 3408 1464 3509 pastura
1484 3407 1641 3508 quinque
1660 3435 1849 3483 vaccarum
1872 3423 1909 3484 et
1930 3410 2034 3484 vuius
2057 3410 2140 3510 equi
2161 3424 2199 3485 et
2223 3436 2306 3484 eum

794 3539 959 3614 omnibus
972 3538 1050 3612 aliis
1064 3538 1311 3614 communibus
1325 3540 1548 3640 ayfiameutin
1560 3541 1717 3640 ejusdem
1729 3539 1811 3615 ville
1823 3540 1870 3616 ad
1886 3555 2025 3616 tantam
2041 3541 2306 3641 pertinentibus

793 3688 925 3749 terram
950 3710 959 3728 ·
981 3698 1051 3771 que
1071 3669 1233 3748 videlieet
1254 3673 1411 3774 preditia
1431 3674 1671 3774 prenominati
1690 3674 1857 3776 Nigellue
1875 3690 1913 3750 et
1936 3674 2118 3750 Henrieua
2137 3675 2306 3751 ultimum

793 3802 892 3880 suum
911 3805 1081 3881 facientes
1098 3806 1346 3881 testamentum
1363 3805 1569 3880 memoratis
1585 3806 1705 3882 abbati
1722 3820 1758 3881 et
1774 3807 1968 3882 eonueutui
1983 3833 2049 3909 pro
2061 3808 2307 3909 redemptione

793 3937 993 4015 animarum
1009 3937 1151 4011 suarum
1167 3936 1205 4011 iu
1222 3950 1432 4037 perpetuam
1454 3952 1491 4013 et
1510 3936 1658 4013 liberam
1679 3939 1724 4012 ab
1744 3938 1842 4013 omni
1858 3937 2003 4013 seruicio
2020 3937 2217 4013 diuisemnt
2233 3938 2307 4015 ele-

793 4074 962 4147 mofiuam
991 4109 1001 4130 ·
1028 4096 1137 4169 quare
1153 4070 1233 4145 volo
1250 4086 1289 4145 vt
1310 4071 1372 4171 ipfi
1389 4071 1499 4145 abbas
1516 4087 1552 4147 et
1569 4086 1767 4147 conuentus
1790 4072 1918 4148 toftum
1941 4072 2140 4173 predidium
2155 4088 2192 4148 et
2208 4098 2307 4148 acras

793 4204 966 4307 proditius
983 4230 1064 4279 eum
1082 4203 1227 4305 prefatis
1244 4203 1469 4304 pertinentijs
1487 4219 1634 4280 teneant
1651 4219 1688 4281 et
1703 4206 1898 4305 poffideant
1913 4204 1952 4279 in
1967 4219 2182 4307 perpetuum
2196 4205 2307 4281 libere

795 4350 831 4415 et
848 4336 968 4435 quiete
983 4337 1029 4410 ab
1042 4336 1141 4411 omni
1153 4336 1298 4411 seruicio
1311 4350 1348 4411 et
1361 4336 1542 4412 exadtione
1554 4335 1699 4411 seculari
1712 4376 1720 4394 ·
1735 4337 1819 4437 Hijs
1831 4336 1976 4413 testssrue
1993 4338 2136 4412 domino
2151 4337 2307 4413 Ricardn

795 4466 909 4544 milite
930 4493 1011 4543 meo
1038 4510 1047 4527 ·
1075 4469 1234 4568 dompno
1249 4470 1294 4553 α)
1319 4484 1382 4544 ·et
1399 4470 1436 4543 R
1456 4512 1465 4531 ·
1483 4468 1674 4571 capellanis
1690 4469 1779 4545 mein
1798 4512 1807 4528 ·
1824 4468 1857 4543 B
1877 4508 1887 4531 ·
1905 4470 1951 4545 de
1970 4468 2131 4572 Duuyne
2149 4512 2159 4529 ·
2177 4468 2216 4546 G
2233 4512 2243 4530 ·
2260 4470 2308 4545 de

798 4600 963 4682 oeorauia
981 4640 990 4659 ·
1010 4598 1085 4673 W·
1105 4598 1321 4677 Clemente·
1340 4602 1371 4674 P
1391 4644 1399 4665 ·
1419 4601 1518 4678 Ooeo
1541 4643 1551 4663 ·
1569 4601 1601 4676 Β
1622 4644 1631 4663 ·
1649 4602 1696 4677 de
1713 4600 1916 4704 Kyntoehir
1939 4640 1949 4661 ·
1972 4601 2008 4676 R
2030 4644 2040 4664 ι
2061 4600 2252 4677 decimario
2270 4614 2307 4681 et

798 4728 918 4805 multis
935 4729 1013 4830 alije
1032 4772 1041 4791 ·
1511 4744 1521 4759 ’
